2481 3508
47 1249 71 645 v62/V6L0SCL

939 339 248 59 OTTO
1224 334 348 59 ZIERER

297 484 332 86 BILD
690 477 301 90 DER
1039 464 1182 92 JAHRHUNDERTE

297 648 134 38 EINE
466 636 544 47 WELTGESCHICHTE
1045 634 59 39 IN
1144 634 48 37 19
1225 633 236 38 EINZEL-
1505 630 127 38 UND
1678 629 40 36 il
1756 626 467 39 DOPPELBÄNDEN

356 648 35 36 Z.

325 762 70 3 |

587 1464 987 113 SICHTBARE
1659 1456 584 108 RKRONE

475 1625 11 32 t
513 1623 75 35 der
612 1620 113 38 Titel
751 1621 78 36 des
862 1617 176 39 soeben
1073 1614 334 39 erschienenen
1439 1610 184 39 siebten
1656 1608 181 39 Bandes
1871 1607 78 37 der
1982 1603 264 48 neuartigen

528 1683 388 50 Weltgeschichte.
955 1682 161 37 Dieser
1149 1679 125 38 Band
1307 1675 255 40 behandelt
1597 1675 80 38 das
1706 1675 31 37 1.
1765 1673 70 38 Jh.
1865 1682 40 27 v.
1933 1671 101 38 Chr,

1262 1792 28 28 *

530 1898 79 36 Die
637 1899 121 35 Form
784 1897 78 35 der
876 1894 340 48 Staätrepublik
1241 1895 55 36 ist
1320 1893 69 36 für
1411 1888 341 50 dasImperium
1778 1897 53 27 zu
1855 1897 88 36 eng
1966 1894 76 38 ge-

530 1952 198 38 worden.
758 1952 45 35 In
829 1949 375 38 revolutionären
1226 1946 229 49 Kämpfen
1478 1948 120 35 setzt
1619 1942 91 38 sich
1734 1942 75 37 die
1822 1939 223 49 Tyrannis

531 2010 77 33 der
630 2008 173 46 großen
824 2005 194 37 Männer
1043 2004 144 37 durch.
1206 2002 92 37 Auf
1321 2002 89 37 den
1435 1996 390 54 plutokratischen
1841 1993 207 39 Diktator

531 2060 120 38 Sulla
679 2061 111 48 folgt
813 2060 185 42 Caesar,
1028 2060 78 36 der
1129 2059 145 36 Mann
1296 2057 81 38 der
1397 2053 312 50 Volkspartei.
1735 2050 125 40 Noch
1885 2048 163 51 größer

537 2117 107 36 wird
669 2118 82 35 das
779 2115 264 49 Imperium:
1070 2115 43 36 in
1137 2113 185 37 Gallien
1348 2111 91 38 und
1463 2109 282 41 Britannien,
1766 2107 45 36 in
1828 2103 217 50 Ägypten

534 2173 87 34 und
644 2172 159 47 Syrien
827 2171 124 36 klirrt
974 2172 79 34 der
1075 2168 275 38 Marschtritt
1372 2167 80 37 der
1475 2164 267 50 Legionäre.
1768 2161 92 37 Der
1879 2158 169 49 Träger

533 2226 78 36 der
631 2225 353 43 „Unsichtbaren
1002 2224 193 42 Krone“,
1217 2224 187 41 Caesar,
1428 2220 100 38 fällt
1552 2218 67 39 als
1632 2217 148 49 Opfer
1798 2208 123 69 einer
1943 2208 107 69 Ver-

533 2279 276 49 schwörung.
836 2280 126 37 Aber
985 2283 130 34 unter
1136 2279 180 36 seinem
1345 2273 281 51 Nachfolger
1647 2272 238 49 Augustus
1918 2264 128 40 blüht

769 2334 228 49 großartig
1021 2335 87 35 wie
1133 2333 74 36 nie
1233 2341 140 27 zuvor
1397 2331 73 36 die
1495 2328 157 38 Glorie
1675 2327 149 36 Roms.

326 2547 119 37 Auch
474 2548 149 37 dieser
645 2548 122 36 Band
794 2548 55 35 ist
873 2548 43 34 in
939 2547 89 35 sich
1053 2545 313 38 vollkommen
1386 2540 361 51 abgeschlossen
1782 2536 90 39 und
1899 2532 177 40 enthält
2099 2528 169 40 wieder

328 2602 380 49 ausgezeichnete
745 2598 431 40 Kunstdrucktafeln
1216 2599 90 38 und
1344 2595 320 49 zuverlässige
1702 2591 268 39 historische
2005 2588 183 38 Karten.
2219 2584 48 36 Er

328 2656 147 36 kostet
500 2657 43 35 in
568 2657 76 36 der
675 2656 207 49 gleichen
914 2656 292 47 gediegenen
1231 2656 306 46 Ausstattung
1561 2651 89 36 wie
1672 2648 129 40 Band
1834 2644 98 39 1—5
1954 2645 45 37 in
2024 2643 79 37 der
2122 2640 145 38 karto-

331 2711 173 36 nierten
548 2712 216 46 Ausgabe
806 2713 77 34 mit
934 2709 357 50 zweifarbigem,
1349 2707 263 38 lackiertem
1656 2704 209 47 Überzug
1917 2698 89 39 DM
2046 2696 94 39 2.95
2180 2692 89 39 und

331 2765 42 35 in
406 2766 77 35 der
516 2765 246 37 herrlichen
800 2763 500 50 Ganzleinenausgabe
1336 2763 77 37 mit
1450 2762 103 38 Rot-
1587 2760 91 39 und
1711 2757 330 49 Goldprägung
2063 2751 92 39 und
2188 2749 83 38 far-

332 2819 148 48 bigem
494 2818 391 51 Schutzumschlag
903 2819 87 37 DM
1014 2818 107 38 3.60.
1144 2818 194 37 Frühere
1353 2818 155 37 Bände
1529 2816 191 36 können
1742 2806 306 45 nachbestellt
2070 2805 198 40 werden.

1004 2926 215 50 Prospekt
1242 2925 238 39 kostenlos
1501 2936 106 26 vom

337 3032 326 58 VERLAG
693 3033 436 58 SEBASTIAN
1161 3033 160 58 LUX
1374 3064 9 10 -
1420 3013 850 78 MURNAU/MÜNCHEN

870 3143 226 39 Beachten
1119 3144 74 37 Sie
1219 3144 112 38 bitte
1356 3144 74 37 die
1454 3141 140 38 letzte
1618 3140 126 39 Seite
