2481 3508
166 171 180 54 bleibt
377 172 132 55 auch
542 174 146 52 dann
719 172 276 65 erhalten,
1022 195 163 33 wenn
1215 177 125 52 eine
1371 175 349 55 Generation
1749 175 432 70 übersprungen
2210 177 159 64 wird,

166 268 164 32 wenn
355 248 97 53 das
478 247 217 68 Erbgut
722 249 115 52 also
865 249 375 54 anscheinend
1264 250 438 54 verschwunden
1726 254 88 50 ist.
1840 251 156 53 Aber
2020 255 104 51 wie
2150 252 218 53 kommt

166 341 57 34 es
255 323 211 52 wieder
498 343 125 33 zum
655 322 343 54 Vorschein?

239 398 168 56 Eines
442 401 177 67 Tages
654 401 218 53 kommt
908 401 106 53 den
1048 401 197 55 Buben
1282 403 88 53 die
1405 403 398 68 Erleuchtung,
1837 407 105 50 wie
1976 424 56 34 es
2067 404 148 54 wohl
2249 407 118 53 sein

133 473 271 56 könnte:
450 476 107 53 Die
600 476 343 63 Schwarzen,
987 477 89 53 die
1122 497 97 32 aus
1265 478 98 53 der
1407 478 309 68 Kreuzung
1758 477 250 55 Schwarz
2052 479 111 53 mal
2207 477 161 72 Weiß

165 549 501 68 hervorgegangen
707 550 142 63 sind,
890 551 114 52 und
1044 550 89 54 die
1172 550 419 55 Blaßrötlichen
1633 573 97 33 aus
1772 552 100 54 der
1910 551 307 68 Kreuzung
2257 552 111 53 Rot

165 626 104 50 mit
299 623 161 54 Weiß
509 648 41 15 —
569 625 108 53 die
707 624 182 54 haben
920 625 283 54 sicherlich
1236 626 96 53 das
1361 625 219 68 Erbgut
1608 626 156 53 ihrer
1792 626 198 53 Eltern
2018 630 58 49 in
2107 626 110 54 sich
2248 626 120 53 auf-

165 717 351 48 genommen.
563 700 82 52 Im
691 702 162 50 einen
899 699 155 53 Falle
1101 702 73 51 ist
1219 700 97 53 das
1362 699 218 68 Erbgut
1626 700 115 54 also
1789 700 458 62 Schwarz-Weiß,
2292 702 76 50 im

167 773 249 52 anderen
442 772 318 54 Rot-Weiß.
786 773 200 53 Haben
1012 772 135 54 aber
1174 773 88 54 die
1288 774 219 53 Kinder
1531 776 57 49 in
1613 774 182 54 ihrem
1819 772 218 69 Erbgut
2062 793 306 48 sozusagen

165 847 159 53 Platz
362 848 95 52 für
494 852 137 48 zwei
665 847 242 63 Farben,
942 868 215 32 warum
1194 848 165 53 sollte
1398 869 57 32 es
1490 848 93 53 bei
1621 848 107 53 den
1764 848 198 53 Eltern
1999 848 150 53 nicht
2187 868 179 47 genau

165 941 60 33 so
272 922 156 52 sein?
474 922 153 52 Auch
673 925 75 49 im
793 922 218 68 Erbgut
1057 921 100 54 der
1202 921 198 54 Eltern
1445 926 224 49 müssen
1716 922 89 53 die
1849 920 223 54 Farben
2117 922 248 54 zweimal

165 995 240 55 stecken.
451 997 117 53 Der
613 1000 125 50 eine
783 997 248 53 Urvater
1073 996 98 54 hat
1216 995 116 55 also
1376 999 76 50 im
1495 995 218 69 Erbgut
1756 996 150 52 nicht
1950 997 90 50 ein
2085 995 281 53 einfaches

165 1068 270 66 Schwarz,
477 1071 247 53 sondern
769 1070 545 67 Schwarz-Schwarz,
1358 1071 102 52 der
1503 1070 207 53 andere
1754 1070 152 53 nicht
1949 1070 92 52 ein
2084 1070 282 53 einfaches

165 1143 130 63 Rot,
346 1144 248 53 sondern
645 1144 270 63 Rot-Rot,
969 1144 91 54 die
1106 1144 214 53 beiden
1369 1143 299 53 Urmütter
1718 1143 186 53 haben
1957 1143 409 67 entsprechend

165 1217 351 55 Weiß-Weiß
570 1221 57 51 in
681 1219 128 53 sich.
859 1219 130 53 Und
1044 1239 135 42 nun,
1233 1219 70 53 da
1358 1219 101 53 der
1511 1217 302 54 rettende-
1850 1215 248 54 Gedanke
2152 1216 70 53 da
2275 1219 92 58 ist,

165 1294 270 52 erinnern
477 1294 112 52 sich
634 1293 211 52 Martin
890 1293 116 52 und
1050 1292 170 52 Peter
1265 1313 69 31 an
1380 1293 90 52 die
1515 1290 560 67 Rechenspielereien
2124 1309 95 50 aus
2267 1289 101 53 der

164 1365 214 54 letzten
416 1366 607 53 Mathematikstunde.
1060 1366 115 53 Der
1213 1366 213 52 Lehrer
1461 1366 143 52 hielt
1641 1368 59 49 in
1737 1365 164 64 jeder
1938 1362 169 54 Hand
2145 1366 55 62 je
2242 1366 123 57 eine

144 1442 293 52 ‚schwarze
480 1442 116 53 und
641 1444 126 50 eine
809 1442 178 52 weiße
1030 1439 184 68 Kugel
1257 1441 115 52 und
1417 1441 203 65 fragte,
1662 1442 102 49 wie
1808 1438 88 53 oft
1935 1457 133 33 man
2113 1438 90 52 die
2246 1439 121 50 vier

107 1547 3 3 -
161 1514 228 68 Kugeln
437 1514 187 54 dieser
670 1518 135 50 zwei
852 1514 361 68 Kugelpaare
1261 1512 383 55 miteinander
1688 1514 327 64 vereinigen
2061 1511 189 54 könne
2296 1540 73 7 —

164 1581 468 68 „kombinieren“
676 1588 159 54 hatte
879 1609 60 32 er
982 1609 55 33 es
1080 1601 265 55 genannt.
1389 1588 89 52 Sie
1517 1587 222 62 hatten,
1781 1587 179 52 damit
2002 1605 57 35 es
2104 1585 260 53 anschau-

161 1662 175 55 licher
370 1664 206 62 werde,
612 1684 70 32 an
715 1664 104 53 der
852 1664 165 51 Tafel
1056 1664 293 67 folgendes
1388 1664 443 67 aufgezeichnet:

234 2493 252 52 Viermal
543 2494 115 53 also
714 2494 186 53 ließen
956 2494 108 52 sich
1122 2494 88 52 die
1264 2494 222 67 Kugeln
1543 2494 417 53 kombinieren:
2017 2493 222 53 Einmal
2294 2512 64 32 zu

162 2566 547 64 Schwarz-Schwarz,
748 2569 252 52 zweimal
1038 2589 67 31 zu
1143 2568 458 63 Schwarz-Weiß,
1639 2568 208 53 einmal
1885 2588 67 32 zu
1991 2567 369 53 Weiß-Weiß.

161 2643 113 53 Das
304 2641 424 61 „Weiß-Weiß“
761 2643 98 52 der
888 2643 222 66 Kugeln
1137 2674 75 5 —
1240 2643 95 53 das
1365 2643 123 53 sind
1517 2646 54 63 ja
1600 2663 205 33 unsere
1833 2642 220 53 weißen
2080 2640 184 54 Enkel
2291 2671 70 7 —

161 2715 198 54 dachte
397 2717 110 52 sich
545 2716 231 63 Martin,
813 2716 113 53 und
968 2718 97 52 das
1105 2717 523 53 Schwarz-Schwarz
1666 2721 225 50 müssen
1928 2716 154 54 dann
2118 2719 56 63 ja
2212 2714 148 53 wohl

148 2790 104 69 die
302 2790 186 53 Roten
537 2795 138 58 sein,
726 2792 435 53 Schwarz-Weiß
1212 2792 278 67 hingegen
1540 2791 89 54 die
1680 2790 325 63 „Blassen“.
2054 2790 117 53 Für
2214 2788 146 54 Mar-

161 2868 110 50 tins
309 2864 248 54 Versuch
598 2869 285 49 stimmten
925 2866 90 52 die
1052 2864 208 54 Zahlen
1299 2869 56 49 in
1396 2866 98 52 der
1532 2867 104 52 Tat
1673 2868 534 55 wundervoll.
2105 2860 112 74 Wie
2244 2889 116 33 war

160 2939 97 55 das
292 2939 135 53 aber
459 2942 102 49 mit
593 2939 197 53 Peters
825 2940 121 52 drei
979 2939 313 54 schwarzen
1324 2941 114 53 und
1471 2944 183 50 einem
1684 2942 218 53 weißen
1934 2942 425 56 Meerschwein-

160 3014 134 53 chen
325 3016 57 50 in
416 3014 99 53 der
547 3012 555 68 Enkelgeneration?
1135 3012 349 55 Weiß-Weiß
1514 3047 73 7 —
1618 3017 94 54 das
1745 3020 73 51 ist
1850 3017 144 63 klar,
2028 3018 97 55 das
2156 3020 73 52 ist
2263 3018 95 53 das

158 3088 178 53 weiße
368 3088 336 53 Enkelchen.
738 3088 128 53 Und
896 3109 84 32 wo
1012 3088 124 55 sind
1167 3088 89 55 die
1286 3089 555 65 Meerschweinchen,
1875 3091 89 54 die
1997 3092 100 53 der
2127 3091 231 56 Kombi-

158 3165 198 50 nation
407 3161 440 72 Schwarz-Weiß
899 3163 402 67 entsprechen?
1353 3164 128 53 Nun
1528 3196 74 32 —
1650 3187 56 33 es
1757 3166 120 69 gibt
1928 3166 168 55 keine
2149 3167 209 53 andere

1243 3317 33 53 8
