2481 3508
143 197 99 58 der
277 199 576 70 Kindergeneration,
890 205 57 51 in
983 202 98 54 der
1119 203 135 55 doch
1293 205 106 53 alle
1437 202 387 70 gleichförmig
1861 203 240 53 schwarz
2139 223 207 40 waren,

143 277 97 54 das
286 276 216 69 Erbgut
546 278 96 52 für
686 278 91 53 die
824 279 177 52 weiße
1047 279 322 61 Haarfarbe
1416 280 149 52 nicht
1609 278 437 54 verschwunden
2093 296 251 48 gewesen

143 355 135 49 sein.
318 351 154 53 Aber
508 372 84 32 wo
631 351 157 53 hatte
827 373 57 56 es
922 352 281 67 gesteckt?
1243 353 128 52 Und
1406 356 104 51 wie
1548 373 114 33 war
1698 373 58 32 es
1792 351 212 53 wieder
2041 372 128 32 zum
2204 350 140 63 Vor-

144 424 184 54 schein
358 425 370 67 gekommen?

216 466 169 87 Über
409 499 152 54 diese
601 500 216 66 Fragen
858 500 226 67 grübelt
1125 501 133 52 auch
1298 500 231 62 Martin,
1568 501 198 52 Peters
1806 498 248 63 Freund,
2083 451 109 100 de
2236 518 110 32 von

143 574 196 52 dessen
389 574 575 66 Experimentierlust
1015 575 321 65 angesteckt
1386 578 71 48 ist
1507 575 115 52 und
1670 594 115 32 nun
1838 540 275 87 cheufalls
2164 573 183 51 Meer-

143 647 374 53 sehweinchen
558 647 134 53 hält.
734 648 152 52 Auch
926 647 239 53 Martins
1206 647 826 54 Meerschweinchenweibchen
2072 651 73 49 ist
2183 647 164 60 weiß,

138 722 102 54 das
277 722 311 52 Männchen
628 722 135 51 aber
800 722 166 52 schön
1004 722 268 53 fuchsrot.
1310 723 132 52 Fast
1480 743 101 30 zur
1618 723 192 52 selben
1848 723 122 50 Zeit
2006 724 104 49 wie
2147 721 200 52 Peters

143 796 144 53 Paar
327 796 276 53 bekamen
644 796 132 52 auch
817 796 240 52 Martins
1096 796 537 53 Meerschweinchen
1673 799 120 49 vier
1833 796 199 63 Junge.
2074 795 155 51 Aber
2269 796 78 50 sie

143 890 187 45 waren
367 872 149 51 nicht
553 871 271 61 fuchsrot,
862 873 102 49 wie
1003 870 87 51 ihr
1126 870 177 52 Vater
1337 901 73 7 —
1446 871 96 51 das
1582 870 194 52 hatten
1818 870 88 51 die
1946 869 202 52 beiden
2187 868 159 52 nach-

144 945 329 53 denklichen
516 945 196 53 Buben
757 945 135 52 nach
938 945 126 51 dem
1108 945 272 65 Ergebnis
1425 945 97 52 des
1565 942 783 54 Schwarz-Weiß-Versuches

144 1020 267 52 erwartet
440 1050 88 31 —,
560 1019 132 53 auch
726 1019 147 52 nicht
902 1019 165 60 weiß,
1096 1021 102 49 wie
1233 1019 87 52 die
1352 1018 235 60 Mutter,
1620 1017 247 54 sondern
1899 1016 357 61 blaßrötlich,
2287 1035 60 32 so

145 1094 129 53 halb
303 1095 113 51 und
443 1093 131 52 halb
602 1093 268 52 zwischen
897 1093 111 52 Rot
1037 1094 115 51 und
1180 1092 176 52 Weiß.
1386 1092 98 52 Als
1511 1092 212 51 Martin
1754 1091 104 51 den
1887 1090 249 54 Versuch
2167 1109 180 48 genau

144 1172 101 49 wie
287 1168 170 52 Peter
499 1167 319 53 fortführte
859 1167 116 51 und
1015 1170 55 62 je
1111 1169 89 51 ein
1242 1167 290 52 blaßrotes
1573 1165 311 52 Männchen
1926 1167 101 49 mit
2068 1167 54 61 je
2164 1167 184 49 einem

145 1243 207 52 ebenso
381 1242 299 52 blaßroten
709 1241 297 52 Weibchen
1037 1240 255 87 kreuzte,
1321 1240 69 53 da
1415 1240 194 64 wurde
1639 1260 56 33 es
1723 1238 313 54 schließlich
2067 1258 138 46 ganz
2234 1237 115 52 und

145 1337 97 46 gar
282 1317 480 69 unverständlich:
806 1315 263 52 Zweimal
1110 1316 119 51 vier
1271 1315 181 87 Junge
1494 1293 202 73 kamen
1740 1313 67 53 da
1851 1334 98 30 zur
1993 1313 147 52 Welt
2179 1342 74 7 —
2278 1313 71 49 in

143 1391 188 66 jedem
378 1390 276 53 Ställchen
704 1393 89 49 ein
842 1390 335 60 fuchsrotes,
1223 1393 135 48 zwei
1406 1387 372 53 blaßrötliche
1826 1386 115 52 und
1989 1390 90 48 ein
2128 1386 220 52 schnee-

144 1466 228 52 weißes!
406 1466 113 52 Das
550 1485 115 32 war
697 1465 159 51 mehr
890 1465 77 52 als
1001 1463 245 62 seltsam,
1279 1463 113 52 und
1426 1463 88 52 die
1546 1462 202 53 beiden
1781 1460 196 53 Buben
2012 1460 192 52 hatten
2242 1458 106 53 viel

144 1561 64 32 zu
240 1540 369 52 diskutieren.
641 1539 156 52 Also:
830 1539 179 52 Wenn
1038 1558 126 31 man
1194 1541 137 50 zwei
1358 1536 397 54 verschiedene
1786 1533 562 54 Meerschweinchen-

145 1627 191 41 sorten
364 1614 221 61 kreuzt,
613 1613 284 54 Schwarze
928 1616 101 50 mit
1058 1612 253 62 Weißen,
1337 1612 145 52 Rote
1513 1613 101 50 mit
1643 1609 254 61 Weißen,
1927 1608 148 52 dann
2105 1608 125 53 sind
2260 1606 87 53 die

103 1849 3 2 |
1037 1815 48 76 6)
1404 1823 34 58 Q

152 1925 322 70 Martins
495 1915 383 82 WDersuch,
950 1892 200 163 em
1209 1926 42 44 x
1315 1890 207 115 ER

438 2123 42 51 g
723 2130 31 50 9
1634 2046 369 149 ER

406 2195 466 98 DR
1573 2185 493 100 UNS

414 2480 231 141 ZB
750 2480 154 141 IRB
1021 2490 165 104 OD
1600 2474 754 105 TB
1922 2470 170 145 DEM
2176 2470 182 145 II

147 2744 163 52 dabei
356 2744 409 53 entstehenden
813 2744 220 66 Jungen
1081 2743 106 53 alle
1234 2744 384 69 gleichfarbig.
1666 2747 154 53 Aber
1865 2749 57 49 in
1968 2750 185 50 einem
2198 2747 154 54 Falle

146 2818 190 66 folgen
395 2818 89 52 die
541 2819 221 66 Jungen
820 2818 127 52 dem
1001 2819 195 61 Vater,
1254 2823 74 48 im
1389 2820 247 53 anderen
1692 2821 341 55 bekommen
2090 2827 79 50 sie
2229 2826 123 50 eine

146 2893 550 66 Zwischenfärbung.
724 2893 180 52 Wenn
932 2913 128 33 man
1087 2893 401 69 Mischfarbige
1517 2915 113 32 nun
1658 2897 450 53 untereinander
2133 2900 220 50 weiter-

146 2966 241 63 züchtet,
424 2967 150 52 dann
612 2967 280 67 „schlägt“
931 2971 90 48 ein
1059 2967 122 53 Teil
1219 2990 110 32 von
1368 2969 105 52 den
1513 2968 220 53 Enkeln
1773 2970 98 52 auf
1909 2970 91 53 die
2037 2970 333 66 Ausgangs-

147 3045 333 62 generation
532 3042 101 53 der
682 3042 347 53 Großeltern
1078 3043 297 59 „zurück“,
1424 3046 102 50 wie
1580 3044 133 52 auch
1764 3047 57 48 in
1872 3043 127 53 dem
2047 3045 155 53 Falle
2255 3045 99 53 der

147 3115 651 54 Schwarz-Weiß-Enkel
845 3119 158 50 einer
1053 3119 98 51 auf
1198 3118 96 53 das
1344 3117 160 53 Weiß
1554 3118 100 53 der
1702 3118 376 54 Großmutter
2127 3119 228 56 zurück-

147 3191 336 66 gekommen
526 3212 132 32 war.
699 3192 111 53 Das
851 3191 217 67 Erbgut
1112 3192 131 67 geht
1289 3192 115 53 also
1434 3193 303 71 sicherlich
1781 3193 151 52 nicht
1974 3193 283 65 verloren,
2300 3213 56 33 es

1233 3341 34 53 7
