2481 3508
108 2664 9 25 ..

143 268 130 40 Alles
295 269 174 39 höhere
490 271 154 39 Leben
665 290 17 8 -
698 270 59 39 ob
777 270 99 38 Tier
903 258 110 51 oder

145 334 182 38 Pflanze
344 354 17 8 -
380 334 204 48 entsteht
605 345 84 28 aus
706 335 81 38 der
797 335 211 38 Vereini-

144 407 123 40 gung
300 408 94 27 von
426 397 289 40 männlichen
745 397 90 40 und
869 398 141 38 weib-

146 460 147 39 lichen
320 460 303 39 Keimzellen.
672 461 85 38 Die
797 461 211 38 tierische

144 524 290 39 Samenzelle
455 524 135 49 (links
604 524 137 49 oben)
763 525 245 48 entspricht

143 588 106 40 dem
269 587 270 40 Pollenkorn
561 608 16 9 -
596 597 105 29 man
718 588 121 38 sieht
854 587 153 40 solche

144 661 82 28 aus
245 651 104 39 dem
365 650 260 41 Staubblatt
642 651 81 39 der
740 651 131 40 Blüte
887 652 120 39 links

143 716 144 36 unten
352 715 251 38 austreten.
683 715 85 38 Die
836 715 171 40 Eizelle

146 776 160 47 (rechts
347 778 137 49 oben)
528 777 96 40 läßt
662 779 91 38 sich
793 779 113 38 noch
946 780 62 37 im

144 841 342 45 Fruchtknoten,
506 843 166 38 deram
683 843 324 38 unterenEnde

143 905 81 38 des
283 905 227 50 Stempels
567 907 61 38 im
685 906 322 39 Blütenboden

141 968 118 44 sitzt,
286 969 92 39 und
408 970 60 37 im
497 969 247 40 Keimfleck
777 971 82 37 des
881 971 125 38 Hüh-

141 1032 198 44 nereies,
374 1032 82 39 der
487 1031 79 40 auf
596 1033 80 38 der
706 1033 300 51 Dotterkugel

142 1095 114 45 ruht,
264 1096 428 41 wiedererkennen.
713 1098 188 40 Samen-
914 1100 93 38 und

140 1158 170 40 Eizelle
350 1161 103 55 sind
492 1161 73 38 100
587 1154 94 66 fach
693 1161 308 53 „vergrößert.

143 1381 247 53 kleinere
413 1378 337 57 Samenzelle
773 1387 101 49 mit
898 1384 124 52 dem
1045 1387 267 65 winzigen
1329 1387 232 65 „Kopf“
1587 1388 114 51 und
1726 1388 124 51 dem
1877 1388 426 67 schlängelnden

143 1452 340 63 „Schwanz“,
526 1455 94 52 das
661 1455 150 52 blieb
852 1458 134 52 noch
1030 1456 158 67 lange
1230 1459 121 51 Zeit
1391 1459 316 64 ungeklärt.
1751 1461 127 51 Und
1918 1465 103 48 wie
2065 1482 97 45 gar
2206 1482 96 32 aus

143 1525 123 52 dem
300 1529 266 63 winzigen
604 1527 561 66 Schleimklümpchen
1205 1531 151 60 „Ei“,
1392 1535 101 48 mit
1533 1532 125 52 dem
1695 1533 108 51 sich
1840 1553 115 31 nun
1995 1535 132 51 auch
2165 1530 138 74 noch

143 1599 86 51 die
260 1598 336 53 Samenzelle
629 1600 322 52 verbunden
984 1602 112 60 hat,
1129 1606 87 48 ein
1250 1603 478 66 ausgewachsenes
1762 1605 334 53 Lebewesen
2130 1619 171 40 erste-

141 1670 106 52 hen
277 1671 166 61 kann,
472 1675 56 48 in
560 1672 123 52 dem
715 1675 105 49 sich
854 1674 94 52 das
979 1674 212 66 Erbgut
1223 1676 261 51 entfaltet
1513 1707 71 6 —
1615 1678 94 52 das
1742 1678 182 52 schien
1957 1699 59 31 so
2046 1679 255 52 wunder-

141 1743 117 61 bar,
286 1743 105 51 daß
419 1764 127 31 man
571 1748 225 58 meinte,
824 1767 56 31 es
908 1750 181 48 müsse
1116 1748 146 52 wohl
1289 1749 93 50 für
1410 1751 196 50 immer
1636 1753 87 48 ein
1753 1750 328 54 unlösbares
2110 1751 192 53 Rätsel

140 1814 235 54 bleiben.
408 1815 125 53 Und
563 1817 132 52 doch
722 1848 71 7 —
819 1838 126 31 man
973 1819 149 51 kann
1153 1819 104 52 den
1288 1820 420 55 Geheimnissen
1739 1823 95 52 des
1864 1822 242 67 Erbguts
2137 1824 163 67 schon

141 1888 173 51 näher
344 1888 274 52 kommen.

716 2230 172 55 Von
915 2228 799 63 Meerschweinchen

432 2339 169 54 und
630 2339 468 56 schwarzen
1128 2343 170 54 und
1327 2336 315 64 weißen
1672 2345 334 66 Kugeln

210 2651 184 63 Peter,
429 2653 104 52 der
571 2653 122 54 Bub
733 2657 208 52 meines
981 2656 310 64 Nachbarn,
1332 2663 71 49 ist
1443 2659 127 53 dem
1613 2662 254 52 Problem
1900 2665 104 60 auf
2056 2666 91 52 die
2191 2668 112 50 ein-

144 2724 204 53 fachste
376 2724 178 54 Weise
583 2747 65 31 zu
673 2727 169 53 Leibe
866 2728 243 66 gerückt.
1135 2730 281 63 Letzthin,
1443 2734 77 51 als
1549 2754 60 32 er
1634 2737 108 49 mir
1768 2735 139 51 über
1934 2737 107 52 den
2070 2737 231 53 Garten-

139 2813 140 35 zaun
303 2797 229 67 hinweg
570 2801 89 49 ein
697 2819 135 46 paar
869 2802 166 51 frisch
1075 2803 413 67 ausgegrabene
1526 2806 180 52 Käfer
1744 2827 100 31 zur
1880 2806 427 70 Begutachtung

141 2869 266 68 vorlegte,
442 2870 263 65 sprachen
741 2875 100 49 wir
878 2875 132 51 auch
1049 2873 199 65 davon,
1283 2879 103 50 wie
1423 2878 108 51 sich
1568 2879 145 52 wohl
1753 2880 87 51 die
1876 2880 430 67 Eigenschaften

141 2938 113 56 und
277 2941 309 55 Merkmale
614 2965 108 31 von
750 2945 105 52 den
881 2947 313 52 Tiereltern
1223 2950 97 50 auf
1347 2950 87 52 die
1461 2949 337 55 Tierkinder
1825 2954 275 52 vererben
2128 2955 176 53 könn-

141 3025 109 42 ten.
296 3015 88 52 Ich
429 3018 107 50 riet
579 3017 134 62 ihm,
754 3019 94 51 die
892 3022 132 49 zwei
1069 3019 548 67 Meerschweinchen,
1662 3025 91 52 die
1797 3046 63 31 er
1904 3046 88 32 am
2038 3026 267 55 Geburts-

139 3099 93 56 tag
263 3107 125 34 zum
421 3087 288 54 Geschenk
742 3090 253 54 erhalten
1028 3092 176 63 hatte,
1240 3096 96 50 auf
1371 3095 87 53 die
1491 3095 179 67 Frage
1707 3097 99 53 der
1839 3097 336 71 Vererbung
2209 3100 99 53 hin

140 3160 203 53 einmal
372 3181 177 47 genau
578 3182 66 33 zu
674 3162 358 55 beobachten.
1064 3165 89 53 Sie
1182 3167 255 53 schienen
1467 3171 105 51 mir
1601 3170 96 52 für
1727 3173 161 50 einen
1920 3162 221 64 solchen
2168 3173 138 53 Ver-

1180 3313 52 52 B;)

2418 3336 17 11 Eu

2435 3366 32 18 Wo
