2481 3508
117 228 145 52 such
290 228 309 55 besonders
646 232 274 65 geeignet.
966 231 125 51 Von
1137 230 107 53 den
1291 231 207 52 beiden
1545 231 381 52 zutraulichen
1973 231 225 66 Nagern
2246 235 70 49 ist

119 302 220 58 „Frau“
367 304 537 52 Meerschweinchen
931 305 344 53 schneeweiß
1302 308 100 49 mit
1430 316 162 41 roten
1620 304 216 66 Augen,
1863 307 131 56 „er“
2022 306 294 67 hingegen,

118 376 150 53 Herr
312 377 557 63 Meerschweinchen,
912 383 72 49 ist
1029 400 136 45 ganz
1212 380 237 52 schwarz
1494 380 114 52 und
1656 378 379 67 dunkeläugig
2078 383 102 49 wie
2227 383 89 49 ein

118 451 222 53 kleiner
374 453 187 52 Satan.
595 453 229 52 Freund
856 455 170 51 Peter
1061 453 163 53 sollte
1261 454 216 52 einfach
1513 454 334 60 feststellen,
1881 455 103 50 wie
2022 454 88 51 die
2146 453 170 52 Nach-

118 525 264 53 kommen
411 528 272 51 aussehen
708 528 248 61 würden,
983 528 114 52 und
1122 549 60 29 er
1206 550 115 29 war
1344 560 72 5 —
1438 528 139 53 stolz
1606 528 96 51 auf
1729 528 188 51 diesen
1944 526 367 66 Forschungs:

120 601 227 67 auftrag
370 632 74 6 —
467 602 346 58 mindestens
841 602 205 52 ebenso
1074 615 274 53 gespannt
1374 605 103 48 wie
1506 604 88 49 ein
1621 602 697 70 Universitätsprofessor,

119 675 99 51 der
262 675 146 55 dem
433 675 274 66 Ergebnis
752 680 156 47 einer
952 676 542 65 bedeutungsvollen
1538 675 438 52 Versuchsreihe
2022 685 295 56 ent&gegen-

118 742 167 58 sieht:
335 750 171 50 Peter
554 751 187 66 fragte
788 751 127 60 sich,
964 750 69 52 ob
1083 751 88 51 die
1219 717 750 97 Meerschweinchenjungen
2015 717 148 83 wohl
2193 716 124 85 -alle

117 823 240 52 schwarz
404 824 232 52 würden
683 826 139 51 oder
869 826 107 51 alle
1025 825 163 62 weiß,
1234 825 71 51 ob
1354 845 54 31 es
1453 845 100 45 gar
1600 824 316 66 gescheckte
1963 824 140 52 oder
2149 843 168 47 graue

117 896 540 54 Meerschweinchen
704 899 176 66 geben
925 899 191 53 würde
1164 866 137 84 oder
1347 865 278 85 vielleicht
1673 899 133 51 alles
1854 865 463 84 durcheinander

118 971 99 54 Als
257 973 151 51 dann
445 973 100 52 der
582 974 173 62 große
793 969 344 95 Augenblick
1177 973 331 66 gekommen
1546 994 133 40 war,
1717 973 183 52 schien
1940 972 168 51 Peter
2149 984 169 39 etwas

119 1046 337 63 enttäuscht,
497 1047 106 51 daß
644 1048 106 51 alle
789 1050 120 49 vier
949 1047 216 65 Jungen
1208 1068 178 45 genau
1426 1067 59 32 so
1526 1046 272 53 aussahen
1838 1047 103 49 wie
1982 1046 98 52 der
2118 1046 198 51 Vater:

119 1120 251 53 Schwarz
405 1122 115 52 und
554 1122 402 66 dunkeläugig!

193 1198 156 52 Aber
386 1199 176 52 Peter
605 1203 71 48 ist
722 1213 148 38 trotz
916 1203 184 49 seiner
1144 1199 221 67 Jugend
1409 1202 165 52 schon
1619 1205 156 49 einer
1820 1222 108 51 von
1975 1202 105 53 den
2126 1203 192 52 echten

120 1272 481 53 Naturforschern
635 1305 72 5 —
743 1296 60 29 er
838 1274 97 51 hat
971 1275 120 51 ihre
1129 1289 149 38 erste
1313 1275 250 66 Tugend,
1600 1276 240 59 Geduld,
1877 1276 115 51 und
2028 1278 133 50 auch
2198 1276 121 52 ihre

121 1350 218 48 zweite:
369 1348 120 52 Ihm
518 1349 125 50 fällt
671 1362 171 38 etwas
870 1349 183 51 Neues
1081 1350 112 50 ein!
1224 1350 123 51 Und
1375 1353 88 47 ein
1489 1350 232 51 bißchen
1750 1350 172 51 Glück
1950 1350 95 51 hat
2073 1372 61 30 er
2161 1351 155 51 auch:

119 1421 147 53 Zwei
306 1422 99 51 der
443 1422 219 65 Jungen
703 1424 123 51 sind
866 1422 315 61 Weibchen,
1219 1427 134 47 zwei
1391 1424 326 51 Männchen.
1758 1425 126 51 Und
1923 1445 58 31 so
2020 1437 202 39 wartet
2260 1445 60 29 er

120 1499 90 48 ein
245 1496 194 52 halbes
476 1497 138 56 Jahr
650 1497 279 66 geduldig,
965 1497 82 52 bis
1082 1500 152 49 seine
1269 1501 204 62 jungen
1512 1498 536 52 Meerschweinchen
2086 1498 234 52 erwach-

120 1589 94 33 sen
259 1571 149 62 sind;
452 1592 60 31 er
556 1571 96 51 hat
696 1575 77 49 sie
817 1571 267 52 während
1131 1571 183 53 dieser
1357 1574 120 49 Zeit
1522 1573 77 52 als
1643 1572 246 51 Pärchen
1935 1572 384 51 voneinander

120 1657 266 53 getrennt
425 1645 278 66 gehalten.
745 1647 163 49 Dann
949 1649 69 49 ist
1059 1667 54 32 es
1155 1649 215 50 soweit:
1413 1646 744 53 Meerschweinchen-Enkel
2198 1645 121 54 sind

1049 1827 45 62 d
1414 1828 38 68 Q

162 1904 264 90 Peters
485 1900 325 109 Dersuch,
949 1902 206 115 Se
1212 1942 39 39 x
1322 1911 207 98 >

401 2060 365 240 os
515 2008 1480 371 Feen

1589 2209 176 180 an
1900 2219 150 101 m

131 2497 198 202 an
429 2497 170 202 am
699 2497 169 202 am
1313 2511 181 148 nm
1617 2511 161 148 am
1876 2511 173 148 am

124 2772 90 53 da!
273 2772 154 52 Aber
481 2775 103 49 wie
641 2772 405 66 merkwürdig!
1103 2773 61 51 In
1221 2774 201 51 beiden
1480 2774 235 52 Würfen
1772 2775 135 66 liegt
1963 2775 181 53 neben
2204 2777 119 51 drei

123 2846 332 61 schwarzen,
492 2848 86 50 die
617 2846 272 52 aussehen
925 2850 101 48 wie
1066 2848 86 50 die
1191 2849 310 51 schwarzen
1538 2849 214 62 Eltern,
1789 2853 88 48 ein
1915 2851 408 52 schneeweißes

123 2921 229 66 Junges,
395 2922 196 52 dessen
633 2922 196 65 Augen
873 2922 146 51 denn
1063 2922 132 52 auch
1238 2944 178 46 genau
1459 2946 59 31 so
1560 2924 353 53 korallenrot
1953 2925 227 52 werden
2219 2927 103 50 wie

123 2996 88 54 die
245 3000 187 48 seiner
466 2963 468 93 "Croßmütter®!

195 3077 172 51 Peter
397 3077 181 52 macht
609 3077 108 52 sich
751 3080 152 49 seine
937 3080 230 63 eigenen
1201 3077 307 53 Gedanken
1543 3078 139 52 über
1716 3082 153 49 seine
1901 3078 422 54 Meerschwein-

124 3152 509 65 chenzüchtungen.
662 3152 196 61 Wenn,
887 3172 58 31 so
974 3165 121 52 sagt
1125 3172 59 31 er
1211 3154 129 60 sich,
1363 3157 61 47 in
1456 3153 100 52 der
1584 3154 233 60 dritten,
1848 3154 100 51 der
1974 3154 349 66 Enkelgene-

122 3230 207 59 ration,
354 3226 210 52 wieder
588 3227 177 51 weiße
790 3227 163 52 Tiere
980 3227 298 53 entstehen
1304 3227 274 62 konnten,
1598 3248 63 32 so
1688 3229 151 51 kann
1865 3230 55 49 in
1948 3228 100 53 der
2072 3233 254 57 zweiten,

1208 3380 33 50 6
