<?xml version="1.0" encoding="UTF-8"?>
<alto xmlns="http://www.loc.gov/standards/alto/ns-v3#" xmlns:xlink="http://www.w3.org/1999/xlink" xmlns:xsi="http://www.w3.org/2001/XMLSchema-instance" xsi:schemaLocation="http://www.loc.gov/standards/alto/ns-v3# http://www.loc.gov/alto/v3/alto-3-0.xsd">
	<Description>
		<MeasurementUnit>pixel</MeasurementUnit>
		<sourceImageInformation>
			<fileName>page_0015015.jpg</fileName>
		</sourceImageInformation>
		<OCRProcessing ID="OCR_0">
			<ocrProcessingStep>
				<processingSoftware>
					<softwareName>tesseract 5.3.4</softwareName>
				</processingSoftware>
			</ocrProcessingStep>
		</OCRProcessing>
	</Description>
	<Layout>
		<Page WIDTH="2481" HEIGHT="3508" PHYSICAL_IMG_NR="0" ID="page_0015">
			<PrintSpace HPOS="0" VPOS="0" WIDTH="2481" HEIGHT="3508">
				<ComposedBlock ID="cblock_0" HPOS="134" VPOS="156" WIDTH="2207" HEIGHT="896">
					<TextBlock ID="block_0" HPOS="134" VPOS="156" WIDTH="2207" HEIGHT="896">
						<TextLine ID="line_0" HPOS="140" VPOS="156" WIDTH="2201" HEIGHT="75">
							<String ID="string_0" HPOS="140" VPOS="163" WIDTH="99" HEIGHT="53" WC="0.96" CONTENT="wie"/><SP WIDTH="34" VPOS="163" HPOS="239"/>
							<String ID="string_1" HPOS="273" VPOS="161" WIDTH="108" HEIGHT="56" WC="0.96" CONTENT="sich"/><SP WIDTH="37" VPOS="161" HPOS="381"/>
							<String ID="string_2" HPOS="418" VPOS="156" WIDTH="88" HEIGHT="61" WC="0.96" CONTENT="die"/><SP WIDTH="34" VPOS="156" HPOS="506"/>
							<String ID="string_3" HPOS="540" VPOS="161" WIDTH="428" HEIGHT="70" WC="0.96" CONTENT="Eigenschaften"/><SP WIDTH="35" VPOS="161" HPOS="968"/>
							<String ID="string_4" HPOS="1003" VPOS="165" WIDTH="116" HEIGHT="55" WC="0.95" CONTENT="und"/><SP WIDTH="34" VPOS="165" HPOS="1119"/>
							<String ID="string_5" HPOS="1153" VPOS="163" WIDTH="88" HEIGHT="57" WC="0.92" CONTENT="die"/><SP WIDTH="33" VPOS="163" HPOS="1241"/>
							<String ID="string_6" HPOS="1274" VPOS="164" WIDTH="574" HEIGHT="56" WC="0.92" CONTENT="Verschiedenheiten"/><SP WIDTH="36" VPOS="164" HPOS="1848"/>
							<String ID="string_7" HPOS="1884" VPOS="164" WIDTH="100" HEIGHT="55" WC="0.95" CONTENT="der"/><SP WIDTH="33" VPOS="164" HPOS="1984"/>
							<String ID="string_8" HPOS="2017" VPOS="165" WIDTH="197" HEIGHT="55" WC="0.95" CONTENT="Eltern"/><SP WIDTH="35" VPOS="165" HPOS="2214"/>
							<String ID="string_9" HPOS="2249" VPOS="163" WIDTH="92" HEIGHT="56" WC="0.96" CONTENT="bei"/>
						</TextLine>
						<TextLine ID="line_1" HPOS="136" VPOS="237" WIDTH="2203" HEIGHT="67">
							<String ID="string_10" HPOS="136" VPOS="237" WIDTH="258" HEIGHT="53" WC="0.95" CONTENT="Kindern"/><SP WIDTH="50" VPOS="237" HPOS="394"/>
							<String ID="string_11" HPOS="444" VPOS="239" WIDTH="117" HEIGHT="52" WC="0.93" CONTENT="und"/><SP WIDTH="47" VPOS="239" HPOS="561"/>
							<String ID="string_12" HPOS="608" VPOS="239" WIDTH="465" HEIGHT="54" WC="0.91" CONTENT="Kindeskindern"/><SP WIDTH="52" VPOS="239" HPOS="1073"/>
							<String ID="string_13" HPOS="1125" VPOS="241" WIDTH="362" HEIGHT="63" WC="0.91" CONTENT="auswirkten,"/><SP WIDTH="51" VPOS="241" HPOS="1487"/>
							<String ID="string_14" HPOS="1538" VPOS="242" WIDTH="149" HEIGHT="52" WC="0.95" CONTENT="nicht"/><SP WIDTH="52" VPOS="242" HPOS="1687"/>
							<String ID="string_15" HPOS="1739" VPOS="241" WIDTH="170" HEIGHT="53" WC="0.96" CONTENT="durch"/><SP WIDTH="53" VPOS="241" HPOS="1909"/>
							<String ID="string_16" HPOS="1962" VPOS="240" WIDTH="377" HEIGHT="53" WC="0.96" CONTENT="Nachdenken"/>
						</TextLine>
						<TextLine ID="line_2" HPOS="137" VPOS="313" WIDTH="2202" HEIGHT="69">
							<String ID="string_17" HPOS="137" VPOS="313" WIDTH="378" HEIGHT="66" WC="0.91" CONTENT="herangehen,"/><SP WIDTH="32" VPOS="313" HPOS="515"/>
							<String ID="string_18" HPOS="547" VPOS="314" WIDTH="247" HEIGHT="52" WC="0.95" CONTENT="sondern"/><SP WIDTH="35" VPOS="314" HPOS="794"/>
							<String ID="string_19" HPOS="829" VPOS="315" WIDTH="168" HEIGHT="52" WC="0.95" CONTENT="durch"/><SP WIDTH="36" VPOS="315" HPOS="997"/>
							<String ID="string_20" HPOS="1033" VPOS="315" WIDTH="106" HEIGHT="53" WC="0.96" CONTENT="den"/><SP WIDTH="32" VPOS="315" HPOS="1139"/>
							<String ID="string_21" HPOS="1171" VPOS="316" WIDTH="264" HEIGHT="53" WC="0.96" CONTENT="Versuch."/><SP WIDTH="36" VPOS="316" HPOS="1435"/>
							<String ID="string_22" HPOS="1471" VPOS="317" WIDTH="129" HEIGHT="53" WC="0.96" CONTENT="Und"/><SP WIDTH="32" VPOS="317" HPOS="1600"/>
							<String ID="string_23" HPOS="1632" VPOS="337" WIDTH="94" HEIGHT="31" WC="0.96" CONTENT="um"/><SP WIDTH="33" VPOS="337" HPOS="1726"/>
							<String ID="string_24" HPOS="1759" VPOS="315" WIDTH="292" HEIGHT="67" WC="0.92" CONTENT="möglichst"/><SP WIDTH="34" VPOS="315" HPOS="2051"/>
							<String ID="string_25" HPOS="2085" VPOS="314" WIDTH="254" HEIGHT="55" WC="0.96" CONTENT="einfache"/>
						</TextLine>
						<TextLine ID="line_3" HPOS="137" VPOS="386" WIDTH="2200" HEIGHT="66">
							<String ID="string_26" HPOS="137" VPOS="386" WIDTH="389" HEIGHT="54" WC="0.96" CONTENT="Verhältnisse"/><SP WIDTH="28" VPOS="386" HPOS="526"/>
							<String ID="string_27" HPOS="554" VPOS="389" WIDTH="374" HEIGHT="51" WC="0.96" CONTENT="untersuchen"/><SP WIDTH="28" VPOS="389" HPOS="928"/>
							<String ID="string_28" HPOS="956" VPOS="411" WIDTH="67" HEIGHT="31" WC="0.96" CONTENT="zu"/><SP WIDTH="29" VPOS="411" HPOS="1023"/>
							<String ID="string_29" HPOS="1052" VPOS="389" WIDTH="245" HEIGHT="63" WC="0.95" CONTENT="können,"/><SP WIDTH="28" VPOS="389" HPOS="1297"/>
							<String ID="string_30" HPOS="1325" VPOS="390" WIDTH="205" HEIGHT="52" WC="0.96" CONTENT="wählte"/><SP WIDTH="30" VPOS="390" HPOS="1530"/>
							<String ID="string_31" HPOS="1560" VPOS="411" WIDTH="61" HEIGHT="31" WC="0.92" CONTENT="er"/><SP WIDTH="28" VPOS="411" HPOS="1621"/>
							<String ID="string_32" HPOS="1649" VPOS="390" WIDTH="434" HEIGHT="62" WC="0.91" CONTENT="Erbsensorten,"/><SP WIDTH="28" VPOS="390" HPOS="2083"/>
							<String ID="string_33" HPOS="2111" VPOS="389" WIDTH="89" HEIGHT="53" WC="0.96" CONTENT="die"/><SP WIDTH="30" VPOS="389" HPOS="2200"/>
							<String ID="string_34" HPOS="2230" VPOS="389" WIDTH="107" HEIGHT="53" WC="0.96" CONTENT="sich"/>
						</TextLine>
						<TextLine ID="line_4" HPOS="134" VPOS="462" WIDTH="2204" HEIGHT="64">
							<String ID="string_35" HPOS="134" VPOS="462" WIDTH="213" HEIGHT="64" WC="0.96" CONTENT="jeweils"/><SP WIDTH="34" VPOS="462" HPOS="347"/>
							<String ID="string_36" HPOS="381" VPOS="467" WIDTH="57" HEIGHT="47" WC="0.81" CONTENT="in"/><SP WIDTH="33" VPOS="467" HPOS="438"/>
							<String ID="string_37" HPOS="471" VPOS="483" WIDTH="108" HEIGHT="32" WC="0.81" CONTENT="nur"/><SP WIDTH="86" VPOS="483" HPOS="579"/>
							<String ID="string_38" HPOS="665" VPOS="466" WIDTH="205" HEIGHT="49" WC="0.93" CONTENT="einem"/><SP WIDTH="34" VPOS="466" HPOS="870"/>
							<String ID="string_39" HPOS="904" VPOS="462" WIDTH="280" HEIGHT="53" WC="0.96" CONTENT="Merkmal"/><SP WIDTH="33" VPOS="462" HPOS="1184"/>
							<String ID="string_40" HPOS="1217" VPOS="464" WIDTH="449" HEIGHT="52" WC="0.96" CONTENT="unterschieden."/><SP WIDTH="37" VPOS="464" HPOS="1666"/>
							<String ID="string_41" HPOS="1703" VPOS="464" WIDTH="120" HEIGHT="52" WC="0.96" CONTENT="Wie"/><SP WIDTH="35" VPOS="464" HPOS="1823"/>
							<String ID="string_42" HPOS="1858" VPOS="464" WIDTH="173" HEIGHT="52" WC="0.96" CONTENT="Peter"/><SP WIDTH="33" VPOS="464" HPOS="2031"/>
							<String ID="string_43" HPOS="2064" VPOS="462" WIDTH="274" HEIGHT="54" WC="0.96" CONTENT="schwarze"/>
						</TextLine>
						<TextLine ID="line_5" HPOS="137" VPOS="536" WIDTH="2201" HEIGHT="62">
							<String ID="string_44" HPOS="137" VPOS="536" WIDTH="115" HEIGHT="53" WC="0.95" CONTENT="und"/><SP WIDTH="23" VPOS="536" HPOS="252"/>
							<String ID="string_45" HPOS="275" VPOS="537" WIDTH="178" HEIGHT="51" WC="0.96" CONTENT="weiße"/><SP WIDTH="25" VPOS="537" HPOS="453"/>
							<String ID="string_46" HPOS="478" VPOS="536" WIDTH="558" HEIGHT="62" WC="0.96" CONTENT="Meerschweinchen,"/><SP WIDTH="25" VPOS="536" HPOS="1036"/>
							<String ID="string_47" HPOS="1061" VPOS="536" WIDTH="212" HEIGHT="53" WC="0.96" CONTENT="Martin"/><SP WIDTH="28" VPOS="536" HPOS="1273"/>
							<String ID="string_48" HPOS="1301" VPOS="551" WIDTH="124" HEIGHT="39" WC="0.96" CONTENT="rote"/><SP WIDTH="27" VPOS="551" HPOS="1425"/>
							<String ID="string_49" HPOS="1452" VPOS="538" WIDTH="116" HEIGHT="52" WC="0.96" CONTENT="und"/><SP WIDTH="24" VPOS="538" HPOS="1568"/>
							<String ID="string_50" HPOS="1592" VPOS="539" WIDTH="179" HEIGHT="52" WC="0.95" CONTENT="weiße"/><SP WIDTH="27" VPOS="539" HPOS="1771"/>
							<String ID="string_51" HPOS="1798" VPOS="537" WIDTH="540" HEIGHT="54" WC="0.95" CONTENT="Meerschweinchen"/>
						</TextLine>
						<TextLine ID="line_6" HPOS="137" VPOS="610" WIDTH="2201" HEIGHT="68">
							<String ID="string_52" HPOS="137" VPOS="611" WIDTH="272" HEIGHT="66" WC="0.89" CONTENT="sekreuzt"/><SP WIDTH="27" VPOS="611" HPOS="409"/>
							<String ID="string_53" HPOS="436" VPOS="610" WIDTH="177" HEIGHT="63" WC="0.96" CONTENT="hatte,"/><SP WIDTH="27" VPOS="610" HPOS="613"/>
							<String ID="string_54" HPOS="640" VPOS="631" WIDTH="60" HEIGHT="33" WC="0.96" CONTENT="so"/><SP WIDTH="28" VPOS="631" HPOS="700"/>
							<String ID="string_55" HPOS="728" VPOS="611" WIDTH="228" HEIGHT="53" WC="0.92" CONTENT="brachte"/><SP WIDTH="29" VPOS="611" HPOS="956"/>
							<String ID="string_56" HPOS="985" VPOS="611" WIDTH="226" HEIGHT="53" WC="0.91" CONTENT="Mendel"/><SP WIDTH="29" VPOS="611" HPOS="1211"/>
							<String ID="string_57" HPOS="1240" VPOS="615" WIDTH="124" HEIGHT="49" WC="0.93" CONTENT="eine"/><SP WIDTH="28" VPOS="615" HPOS="1364"/>
							<String ID="string_58" HPOS="1392" VPOS="612" WIDTH="393" HEIGHT="62" WC="0.92" CONTENT="Erbsensorte,"/><SP WIDTH="30" VPOS="612" HPOS="1785"/>
							<String ID="string_59" HPOS="1815" VPOS="612" WIDTH="88" HEIGHT="52" WC="0.96" CONTENT="die"/><SP WIDTH="30" VPOS="612" HPOS="1903"/>
							<String ID="string_60" HPOS="1933" VPOS="616" WIDTH="175" HEIGHT="62" WC="0.96" CONTENT="grüne"/><SP WIDTH="30" VPOS="616" HPOS="2108"/>
							<String ID="string_61" HPOS="2138" VPOS="612" WIDTH="200" HEIGHT="53" WC="0.96" CONTENT="Samen"/>
						</TextLine>
						<TextLine ID="line_7" HPOS="137" VPOS="684" WIDTH="2203" HEIGHT="69">
							<String ID="string_62" HPOS="137" VPOS="684" WIDTH="175" HEIGHT="62" WC="0.92" CONTENT="katte,"/><SP WIDTH="33" VPOS="684" HPOS="312"/>
							<String ID="string_63" HPOS="345" VPOS="688" WIDTH="102" HEIGHT="49" WC="0.96" CONTENT="mit"/><SP WIDTH="33" VPOS="688" HPOS="447"/>
							<String ID="string_64" HPOS="480" VPOS="689" WIDTH="157" HEIGHT="49" WC="0.96" CONTENT="einer"/><SP WIDTH="35" VPOS="689" HPOS="637"/>
							<String ID="string_65" HPOS="672" VPOS="686" WIDTH="247" HEIGHT="52" WC="0.95" CONTENT="anderen"/><SP WIDTH="35" VPOS="686" HPOS="919"/>
							<String ID="string_66" HPOS="954" VPOS="700" WIDTH="340" HEIGHT="48" WC="0.95" CONTENT="zusammen,"/><SP WIDTH="34" VPOS="700" HPOS="1294"/>
							<String ID="string_67" HPOS="1328" VPOS="687" WIDTH="88" HEIGHT="51" WC="0.96" CONTENT="die"/><SP WIDTH="36" VPOS="687" HPOS="1416"/>
							<String ID="string_68" HPOS="1452" VPOS="686" WIDTH="159" HEIGHT="67" WC="0.96" CONTENT="gelbe"/><SP WIDTH="34" VPOS="686" HPOS="1611"/>
							<String ID="string_69" HPOS="1645" VPOS="686" WIDTH="201" HEIGHT="52" WC="0.96" CONTENT="Samen"/><SP WIDTH="34" VPOS="686" HPOS="1846"/>
							<String ID="string_70" HPOS="1880" VPOS="685" WIDTH="192" HEIGHT="64" WC="0.96" CONTENT="besaß,"/><SP WIDTH="32" VPOS="685" HPOS="2072"/>
							<String ID="string_71" HPOS="2104" VPOS="685" WIDTH="140" HEIGHT="53" WC="0.96" CONTENT="oder"/><SP WIDTH="33" VPOS="685" HPOS="2244"/>
							<String ID="string_72" HPOS="2277" VPOS="706" WIDTH="63" HEIGHT="31" WC="0.96" CONTENT="er"/>
						</TextLine>
						<TextLine ID="line_8" HPOS="137" VPOS="758" WIDTH="2202" HEIGHT="70">
							<String ID="string_73" HPOS="137" VPOS="758" WIDTH="234" HEIGHT="55" WC="0.91" CONTENT="kreuzte"/><SP WIDTH="37" VPOS="758" HPOS="371"/>
							<String ID="string_74" HPOS="408" VPOS="763" WIDTH="125" HEIGHT="50" WC="0.93" CONTENT="eine"/><SP WIDTH="35" VPOS="763" HPOS="533"/>
							<String ID="string_75" HPOS="568" VPOS="761" WIDTH="250" HEIGHT="66" WC="0.92" CONTENT="runzlige"/><SP WIDTH="36" VPOS="761" HPOS="818"/>
							<String ID="string_76" HPOS="854" VPOS="760" WIDTH="373" HEIGHT="53" WC="0.91" CONTENT="Erbsensorte"/><SP WIDTH="37" VPOS="760" HPOS="1227"/>
							<String ID="string_77" HPOS="1264" VPOS="764" WIDTH="101" HEIGHT="49" WC="0.96" CONTENT="mit"/><SP WIDTH="35" VPOS="764" HPOS="1365"/>
							<String ID="string_78" HPOS="1400" VPOS="764" WIDTH="156" HEIGHT="50" WC="0.96" CONTENT="einer"/><SP WIDTH="35" VPOS="764" HPOS="1556"/>
							<String ID="string_79" HPOS="1591" VPOS="761" WIDTH="232" HEIGHT="67" WC="0.94" CONTENT="glatten,"/><SP WIDTH="35" VPOS="761" HPOS="1823"/>
							<String ID="string_80" HPOS="1858" VPOS="762" WIDTH="125" HEIGHT="49" WC="0.93" CONTENT="eine"/><SP WIDTH="35" VPOS="762" HPOS="1983"/>
							<String ID="string_81" HPOS="2018" VPOS="760" WIDTH="321" HEIGHT="53" WC="0.92" CONTENT="rotviolett-"/>
						</TextLine>
						<TextLine ID="line_9" HPOS="137" VPOS="834" WIDTH="2201" HEIGHT="66">
							<String ID="string_82" HPOS="137" VPOS="834" WIDTH="285" HEIGHT="53" WC="0.95" CONTENT="blühende"/><SP WIDTH="36" VPOS="834" HPOS="422"/>
							<String ID="string_83" HPOS="458" VPOS="837" WIDTH="103" HEIGHT="50" WC="0.96" CONTENT="mit"/><SP WIDTH="35" VPOS="837" HPOS="561"/>
							<String ID="string_84" HPOS="596" VPOS="838" WIDTH="157" HEIGHT="49" WC="0.93" CONTENT="einer"/><SP WIDTH="34" VPOS="838" HPOS="753"/>
							<String ID="string_85" HPOS="787" VPOS="834" WIDTH="495" HEIGHT="53" WC="0.91" CONTENT="weißblühenden."/><SP WIDTH="37" VPOS="834" HPOS="1282"/>
							<String ID="string_86" HPOS="1319" VPOS="835" WIDTH="202" HEIGHT="52" WC="0.96" CONTENT="Sieben"/><SP WIDTH="35" VPOS="835" HPOS="1521"/>
							<String ID="string_87" HPOS="1556" VPOS="835" WIDTH="419" HEIGHT="65" WC="0.95" CONTENT="verschiedene,"/><SP WIDTH="33" VPOS="835" HPOS="1975"/>
							<String ID="string_88" HPOS="2008" VPOS="834" WIDTH="139" HEIGHT="53" WC="0.93" CONTENT="aber"/><SP WIDTH="33" VPOS="834" HPOS="2147"/>
							<String ID="string_89" HPOS="2180" VPOS="834" WIDTH="158" HEIGHT="53" WC="0.92" CONTENT="deut-"/>
						</TextLine>
						<TextLine ID="line_10" HPOS="134" VPOS="907" WIDTH="2205" HEIGHT="70">
							<String ID="string_90" HPOS="134" VPOS="909" WIDTH="103" HEIGHT="51" WC="0.96" CONTENT="lich"/><SP WIDTH="35" VPOS="909" HPOS="237"/>
							<String ID="string_91" HPOS="272" VPOS="914" WIDTH="372" HEIGHT="60" WC="0.96" CONTENT="ausgeprägte"/><SP WIDTH="30" VPOS="914" HPOS="644"/>
							<String ID="string_92" HPOS="674" VPOS="908" WIDTH="316" HEIGHT="53" WC="0.96" CONTENT="Merkmale"/><SP WIDTH="34" VPOS="908" HPOS="990"/>
							<String ID="string_93" HPOS="1024" VPOS="929" WIDTH="100" HEIGHT="48" WC="0.96" CONTENT="zog"/><SP WIDTH="34" VPOS="929" HPOS="1124"/>
							<String ID="string_94" HPOS="1158" VPOS="929" WIDTH="60" HEIGHT="32" WC="0.96" CONTENT="er"/><SP WIDTH="34" VPOS="929" HPOS="1218"/>
							<String ID="string_95" HPOS="1252" VPOS="929" WIDTH="59" HEIGHT="34" WC="0.96" CONTENT="so"/><SP WIDTH="33" VPOS="929" HPOS="1311"/>
							<String ID="string_96" HPOS="1344" VPOS="912" WIDTH="57" HEIGHT="49" WC="0.96" CONTENT="in"/><SP WIDTH="34" VPOS="912" HPOS="1401"/>
							<String ID="string_97" HPOS="1435" VPOS="909" WIDTH="105" HEIGHT="52" WC="0.96" CONTENT="den"/><SP WIDTH="33" VPOS="909" HPOS="1540"/>
							<String ID="string_98" HPOS="1573" VPOS="909" WIDTH="167" HEIGHT="52" WC="0.96" CONTENT="Kreis"/><SP WIDTH="33" VPOS="909" HPOS="1740"/>
							<String ID="string_99" HPOS="1773" VPOS="911" WIDTH="187" HEIGHT="52" WC="0.96" CONTENT="seiner"/><SP WIDTH="32" VPOS="911" HPOS="1960"/>
							<String ID="string_100" HPOS="1992" VPOS="908" WIDTH="141" HEIGHT="53" WC="0.96" CONTENT="über"/><SP WIDTH="33" VPOS="908" HPOS="2133"/>
							<String ID="string_101" HPOS="2166" VPOS="907" WIDTH="173" HEIGHT="59" WC="0.96" CONTENT="Jahre"/>
						</TextLine>
						<TextLine ID="line_11" HPOS="135" VPOS="983" WIDTH="1097" HEIGHT="69">
							<String ID="string_102" HPOS="135" VPOS="983" WIDTH="108" HEIGHT="53" WC="0.93" CONTENT="sich"/><SP WIDTH="34" VPOS="983" HPOS="243"/>
							<String ID="string_103" HPOS="277" VPOS="983" WIDTH="431" HEIGHT="53" WC="0.92" CONTENT="erstreckenden"/><SP WIDTH="34" VPOS="983" HPOS="708"/>
							<String ID="string_104" HPOS="742" VPOS="983" WIDTH="490" HEIGHT="69" WC="0.96" CONTENT="Beobachtungen."/>
						</TextLine>
					</TextBlock>
				</ComposedBlock>
				<ComposedBlock ID="cblock_1" HPOS="131" VPOS="1076" WIDTH="2251" HEIGHT="2158">
					<TextBlock ID="block_1" HPOS="131" VPOS="1076" WIDTH="2251" HEIGHT="2158">
						<TextLine ID="line_12" HPOS="207" VPOS="1076" WIDTH="2175" HEIGHT="70">
							<String ID="string_105" HPOS="207" VPOS="1076" WIDTH="97" HEIGHT="51" WC="0.96" CONTENT="Ihr"/><SP WIDTH="40" VPOS="1076" HPOS="304"/>
							<String ID="string_106" HPOS="344" VPOS="1076" WIDTH="274" HEIGHT="74" WC="0.96" CONTENT="Ergebnis"/><SP WIDTH="43" VPOS="1076" HPOS="618"/>
							<String ID="string_107" HPOS="661" VPOS="1078" WIDTH="147" HEIGHT="65" WC="0.96" CONTENT="legte"/><SP WIDTH="44" VPOS="1078" HPOS="808"/>
							<String ID="string_108" HPOS="852" VPOS="1099" WIDTH="60" HEIGHT="31" WC="0.96" CONTENT="er"/><SP WIDTH="42" VPOS="1099" HPOS="912"/>
							<String ID="string_109" HPOS="954" VPOS="1082" WIDTH="55" HEIGHT="48" WC="0.96" CONTENT="in"/><SP WIDTH="46" VPOS="1082" HPOS="1009"/>
							<String ID="string_110" HPOS="1055" VPOS="1078" WIDTH="126" HEIGHT="53" WC="0.96" CONTENT="dem"/><SP WIDTH="42" VPOS="1078" HPOS="1181"/>
							<String ID="string_111" HPOS="1223" VPOS="1081" WIDTH="239" HEIGHT="52" WC="0.96" CONTENT="Aufsatz"/><SP WIDTH="44" VPOS="1081" HPOS="1462"/>
							<String ID="string_112" HPOS="1506" VPOS="1081" WIDTH="318" HEIGHT="59" WC="0.96" CONTENT="„Versuche"/><SP WIDTH="43" VPOS="1081" HPOS="1824"/>
							<String ID="string_113" HPOS="1867" VPOS="1082" WIDTH="141" HEIGHT="54" WC="0.93" CONTENT="über"/><SP WIDTH="43" VPOS="1082" HPOS="2008"/>
							<String ID="string_114" HPOS="2051" VPOS="1084" WIDTH="287" HEIGHT="53" WC="0.92" CONTENT="Pflanzen-"/><SP WIDTH="38" VPOS="1084" HPOS="2338"/>
							<String ID="string_115" HPOS="2376" VPOS="1139" WIDTH="6" HEIGHT="7" WC="0.79" CONTENT="_"/>
						</TextLine>
						<TextLine ID="line_13" HPOS="135" VPOS="1117" WIDTH="2203" HEIGHT="103">
							<String ID="string_116" HPOS="135" VPOS="1117" WIDTH="318" HEIGHT="98" WC="0.50" CONTENT="hybriden®"/><SP WIDTH="45" VPOS="1117" HPOS="453"/>
							<String ID="string_117" HPOS="498" VPOS="1151" WIDTH="313" HEIGHT="66" WC="0.92" CONTENT="(Hybriden"/><SP WIDTH="51" VPOS="1151" HPOS="811"/>
							<String ID="string_118" HPOS="862" VPOS="1154" WIDTH="124" HEIGHT="52" WC="0.96" CONTENT="sind"/><SP WIDTH="46" VPOS="1154" HPOS="986"/>
							<String ID="string_119" HPOS="1032" VPOS="1153" WIDTH="326" HEIGHT="67" WC="0.96" CONTENT="Mischlinge"/><SP WIDTH="48" VPOS="1153" HPOS="1358"/>
							<String ID="string_120" HPOS="1406" VPOS="1158" WIDTH="102" HEIGHT="49" WC="0.96" CONTENT="wie"/><SP WIDTH="49" VPOS="1158" HPOS="1508"/>
							<String ID="string_121" HPOS="1557" VPOS="1159" WIDTH="56" HEIGHT="49" WC="0.96" CONTENT="in"/><SP WIDTH="47" VPOS="1159" HPOS="1613"/>
							<String ID="string_122" HPOS="1660" VPOS="1156" WIDTH="243" HEIGHT="54" WC="0.96" CONTENT="Martins"/><SP WIDTH="47" VPOS="1156" HPOS="1903"/>
							<String ID="string_123" HPOS="1950" VPOS="1144" WIDTH="249" HEIGHT="67" WC="0.95" CONTENT="Versuch"/><SP WIDTH="51" VPOS="1144" HPOS="2199"/>
							<String ID="string_124" HPOS="2250" VPOS="1158" WIDTH="88" HEIGHT="53" WC="0.95" CONTENT="die"/>
						</TextLine>
						<TextLine ID="line_14" HPOS="135" VPOS="1196" WIDTH="2205" HEIGHT="121">
							<String ID="string_125" HPOS="135" VPOS="1219" WIDTH="298" HEIGHT="75" WC="0.45" CONTENT="hblaßroten"/><SP WIDTH="52" VPOS="1219" HPOS="433"/>
							<String ID="string_126" HPOS="485" VPOS="1221" WIDTH="561" HEIGHT="96" WC="0.96" CONTENT="Meerschweinchen)"/><SP WIDTH="53" VPOS="1221" HPOS="1046"/>
							<String ID="string_127" HPOS="1099" VPOS="1196" WIDTH="220" HEIGHT="120" WC="0.96" CONTENT="nieder;"/><SP WIDTH="54" VPOS="1196" HPOS="1319"/>
							<String ID="string_128" HPOS="1373" VPOS="1230" WIDTH="89" HEIGHT="52" WC="0.96" CONTENT="die"/><SP WIDTH="52" VPOS="1230" HPOS="1462"/>
							<String ID="string_129" HPOS="1514" VPOS="1230" WIDTH="202" HEIGHT="53" WC="0.96" CONTENT="Arbeit"/><SP WIDTH="53" VPOS="1230" HPOS="1716"/>
							<String ID="string_130" HPOS="1769" VPOS="1230" WIDTH="252" HEIGHT="54" WC="0.96" CONTENT="erschien"/><SP WIDTH="54" VPOS="1230" HPOS="2021"/>
							<String ID="string_131" HPOS="2075" VPOS="1234" WIDTH="137" HEIGHT="51" WC="0.96" CONTENT="1865"/><SP WIDTH="52" VPOS="1234" HPOS="2212"/>
							<String ID="string_132" HPOS="2264" VPOS="1236" WIDTH="76" HEIGHT="48" WC="0.96" CONTENT="im"/>
						</TextLine>
						<TextLine ID="line_15" HPOS="134" VPOS="1299" WIDTH="2204" HEIGHT="74">
							<String ID="string_133" HPOS="134" VPOS="1301" WIDTH="220" HEIGHT="51" WC="0.96" CONTENT="vierten"/><SP WIDTH="48" VPOS="1301" HPOS="354"/>
							<String ID="string_134" HPOS="402" VPOS="1299" WIDTH="160" HEIGHT="53" WC="0.96" CONTENT="Band"/><SP WIDTH="47" VPOS="1299" HPOS="562"/>
							<String ID="string_135" HPOS="609" VPOS="1303" WIDTH="156" HEIGHT="49" WC="0.96" CONTENT="einer"/><SP WIDTH="48" VPOS="1303" HPOS="765"/>
							<String ID="string_136" HPOS="813" VPOS="1300" WIDTH="244" HEIGHT="63" WC="0.96" CONTENT="kleinen,"/><SP WIDTH="47" VPOS="1300" HPOS="1057"/>
							<String ID="string_137" HPOS="1104" VPOS="1323" WIDTH="109" HEIGHT="32" WC="0.96" CONTENT="nur"/><SP WIDTH="45" VPOS="1323" HPOS="1213"/>
							<String ID="string_138" HPOS="1258" VPOS="1306" WIDTH="56" HEIGHT="49" WC="0.96" CONTENT="in"/><SP WIDTH="48" VPOS="1306" HPOS="1314"/>
							<String ID="string_139" HPOS="1362" VPOS="1306" WIDTH="256" HEIGHT="63" WC="0.96" CONTENT="wenigen"/><SP WIDTH="48" VPOS="1306" HPOS="1618"/>
							<String ID="string_140" HPOS="1666" VPOS="1305" WIDTH="248" HEIGHT="53" WC="0.96" CONTENT="hundert"/><SP WIDTH="48" VPOS="1305" HPOS="1914"/>
							<String ID="string_141" HPOS="1962" VPOS="1304" WIDTH="239" HEIGHT="55" WC="0.93" CONTENT="Stücken"/><SP WIDTH="50" VPOS="1304" HPOS="2201"/>
							<String ID="string_142" HPOS="2251" VPOS="1327" WIDTH="87" HEIGHT="46" WC="0.92" CONTENT="ge-"/>
						</TextLine>
						<TextLine ID="line_16" HPOS="136" VPOS="1344" WIDTH="2202" HEIGHT="106">
							<String ID="string_143" HPOS="136" VPOS="1372" WIDTH="268" HEIGHT="54" WC="0.92" CONTENT="druckten"/><SP WIDTH="60" VPOS="1372" HPOS="404"/>
							<String ID="string_144" HPOS="464" VPOS="1374" WIDTH="564" HEIGHT="54" WC="0.91" CONTENT="wissenschaftlichen"/><SP WIDTH="62" VPOS="1374" HPOS="1028"/>
							<String ID="string_145" HPOS="1090" VPOS="1377" WIDTH="342" HEIGHT="62" WC="0.96" CONTENT="Zeitschrift,"/><SP WIDTH="64" VPOS="1377" HPOS="1432"/>
							<String ID="string_146" HPOS="1496" VPOS="1344" WIDTH="104" HEIGHT="85" WC="0.96" CONTENT="den"/><SP WIDTH="63" VPOS="1344" HPOS="1600"/>
							<String ID="string_147" HPOS="1663" VPOS="1375" WIDTH="517" HEIGHT="75" WC="0.95" CONTENT="„Verhandlungen"/><SP WIDTH="63" VPOS="1375" HPOS="2180"/>
							<String ID="string_148" HPOS="2243" VPOS="1347" WIDTH="95" HEIGHT="87" WC="0.94" CONTENT="des"/>
						</TextLine>
						<TextLine ID="line_17" HPOS="136" VPOS="1447" WIDTH="2201" HEIGHT="69">
							<String ID="string_149" HPOS="136" VPOS="1447" WIDTH="560" HEIGHT="54" WC="0.91" CONTENT="Naturforschenden"/><SP WIDTH="32" VPOS="1447" HPOS="696"/>
							<String ID="string_150" HPOS="728" VPOS="1450" WIDTH="236" HEIGHT="53" WC="0.95" CONTENT="Vereins"/><SP WIDTH="28" VPOS="1450" HPOS="964"/>
							<String ID="string_151" HPOS="992" VPOS="1453" WIDTH="60" HEIGHT="49" WC="0.96" CONTENT="in"/><SP WIDTH="30" VPOS="1453" HPOS="1052"/>
							<String ID="string_152" HPOS="1082" VPOS="1451" WIDTH="249" HEIGHT="53" WC="0.96" CONTENT="Brünn“."/><SP WIDTH="30" VPOS="1451" HPOS="1331"/>
							<String ID="string_153" HPOS="1361" VPOS="1452" WIDTH="70" HEIGHT="53" WC="0.96" CONTENT="Es"/><SP WIDTH="32" VPOS="1452" HPOS="1431"/>
							<String ID="string_154" HPOS="1463" VPOS="1473" WIDTH="114" HEIGHT="31" WC="0.96" CONTENT="war"/><SP WIDTH="31" VPOS="1473" HPOS="1577"/>
							<String ID="string_155" HPOS="1608" VPOS="1454" WIDTH="90" HEIGHT="51" WC="0.96" CONTENT="die"/><SP WIDTH="31" VPOS="1454" HPOS="1698"/>
							<String ID="string_156" HPOS="1729" VPOS="1454" WIDTH="142" HEIGHT="62" WC="0.91" CONTENT="Zeit."/><SP WIDTH="31" VPOS="1454" HPOS="1871"/>
							<String ID="string_157" HPOS="1902" VPOS="1457" WIDTH="58" HEIGHT="48" WC="0.96" CONTENT="in"/><SP WIDTH="33" VPOS="1457" HPOS="1960"/>
							<String ID="string_158" HPOS="1993" VPOS="1456" WIDTH="99" HEIGHT="52" WC="0.96" CONTENT="der"/><SP WIDTH="31" VPOS="1456" HPOS="2092"/>
							<String ID="string_159" HPOS="2123" VPOS="1456" WIDTH="89" HEIGHT="52" WC="0.93" CONTENT="die"/><SP WIDTH="31" VPOS="1456" HPOS="2212"/>
							<String ID="string_160" HPOS="2243" VPOS="1456" WIDTH="94" HEIGHT="52" WC="0.92" CONTENT="Er-"/>
						</TextLine>
						<TextLine ID="line_18" HPOS="136" VPOS="1522" WIDTH="2202" HEIGHT="70">
							<String ID="string_161" HPOS="136" VPOS="1522" WIDTH="302" HEIGHT="67" WC="0.96" CONTENT="forschung"/><SP WIDTH="40" VPOS="1522" HPOS="438"/>
							<String ID="string_162" HPOS="478" VPOS="1523" WIDTH="94" HEIGHT="54" WC="0.96" CONTENT="des"/><SP WIDTH="39" VPOS="1523" HPOS="572"/>
							<String ID="string_163" HPOS="611" VPOS="1522" WIDTH="220" HEIGHT="55" WC="0.96" CONTENT="Lebens"/><SP WIDTH="41" VPOS="1522" HPOS="831"/>
							<String ID="string_164" HPOS="872" VPOS="1545" WIDTH="136" HEIGHT="46" WC="0.96" CONTENT="ganz"/><SP WIDTH="40" VPOS="1545" HPOS="1008"/>
							<String ID="string_165" HPOS="1048" VPOS="1526" WIDTH="115" HEIGHT="51" WC="0.96" CONTENT="und"/><SP WIDTH="39" VPOS="1526" HPOS="1163"/>
							<String ID="string_166" HPOS="1202" VPOS="1546" WIDTH="97" HEIGHT="46" WC="0.96" CONTENT="gar"/><SP WIDTH="42" VPOS="1546" HPOS="1299"/>
							<String ID="string_167" HPOS="1341" VPOS="1526" WIDTH="198" HEIGHT="53" WC="0.96" CONTENT="erfüllt"/><SP WIDTH="38" VPOS="1526" HPOS="1539"/>
							<String ID="string_168" HPOS="1577" VPOS="1549" WIDTH="115" HEIGHT="32" WC="0.96" CONTENT="war"/><SP WIDTH="40" VPOS="1549" HPOS="1692"/>
							<String ID="string_169" HPOS="1732" VPOS="1550" WIDTH="129" HEIGHT="31" WC="0.96" CONTENT="vom"/><SP WIDTH="40" VPOS="1550" HPOS="1861"/>
							<String ID="string_170" HPOS="1901" VPOS="1529" WIDTH="175" HEIGHT="53" WC="0.96" CONTENT="Streit"/><SP WIDTH="39" VPOS="1529" HPOS="2076"/>
							<String ID="string_171" HPOS="2115" VPOS="1550" WIDTH="95" HEIGHT="32" WC="0.96" CONTENT="um"/><SP WIDTH="39" VPOS="1550" HPOS="2210"/>
							<String ID="string_172" HPOS="2249" VPOS="1530" WIDTH="89" HEIGHT="53" WC="0.96" CONTENT="die"/>
						</TextLine>
						<TextLine ID="line_19" HPOS="136" VPOS="1594" WIDTH="2202" HEIGHT="74">
							<String ID="string_173" HPOS="136" VPOS="1594" WIDTH="195" HEIGHT="68" WC="0.95" CONTENT="Frage,"/><SP WIDTH="37" VPOS="1594" HPOS="331"/>
							<String ID="string_174" HPOS="368" VPOS="1597" WIDTH="71" HEIGHT="52" WC="0.96" CONTENT="ob"/><SP WIDTH="37" VPOS="1597" HPOS="439"/>
							<String ID="string_175" HPOS="476" VPOS="1617" WIDTH="57" HEIGHT="34" WC="0.96" CONTENT="es"/><SP WIDTH="37" VPOS="1617" HPOS="533"/>
							<String ID="string_176" HPOS="570" VPOS="1601" WIDTH="74" HEIGHT="49" WC="0.96" CONTENT="im"/><SP WIDTH="38" VPOS="1601" HPOS="644"/>
							<String ID="string_177" HPOS="682" VPOS="1598" WIDTH="166" HEIGHT="52" WC="0.96" CONTENT="Reich"/><SP WIDTH="39" VPOS="1598" HPOS="848"/>
							<String ID="string_178" HPOS="887" VPOS="1599" WIDTH="100" HEIGHT="52" WC="0.95" CONTENT="der"/><SP WIDTH="35" VPOS="1599" HPOS="987"/>
							<String ID="string_179" HPOS="1022" VPOS="1599" WIDTH="338" HEIGHT="54" WC="0.96" CONTENT="Lebewesen"/><SP WIDTH="39" VPOS="1599" HPOS="1360"/>
							<String ID="string_180" HPOS="1399" VPOS="1605" WIDTH="125" HEIGHT="49" WC="0.96" CONTENT="eine"/><SP WIDTH="36" VPOS="1605" HPOS="1524"/>
							<String ID="string_181" HPOS="1560" VPOS="1602" WIDTH="388" HEIGHT="66" WC="0.96" CONTENT="Entwicklung"/><SP WIDTH="38" VPOS="1602" HPOS="1948"/>
							<String ID="string_182" HPOS="1986" VPOS="1625" WIDTH="108" HEIGHT="32" WC="0.93" CONTENT="von"/><SP WIDTH="37" VPOS="1625" HPOS="2094"/>
							<String ID="string_183" HPOS="2131" VPOS="1605" WIDTH="207" HEIGHT="52" WC="0.89" CONTENT="niedri-"/>
						</TextLine>
						<TextLine ID="line_20" HPOS="134" VPOS="1671" WIDTH="2202" HEIGHT="70">
							<String ID="string_184" HPOS="134" VPOS="1691" WIDTH="168" HEIGHT="46" WC="0.84" CONTENT="geren"/><SP WIDTH="33" VPOS="1691" HPOS="302"/>
							<String ID="string_185" HPOS="335" VPOS="1671" WIDTH="243" HEIGHT="53" WC="0.95" CONTENT="Formen"/><SP WIDTH="32" VPOS="1671" HPOS="578"/>
							<String ID="string_186" HPOS="610" VPOS="1693" WIDTH="67" HEIGHT="32" WC="0.96" CONTENT="zu"/><SP WIDTH="33" VPOS="1693" HPOS="677"/>
							<String ID="string_187" HPOS="710" VPOS="1673" WIDTH="252" HEIGHT="53" WC="0.96" CONTENT="höheren"/><SP WIDTH="33" VPOS="1673" HPOS="962"/>
							<String ID="string_188" HPOS="995" VPOS="1674" WIDTH="158" HEIGHT="67" WC="0.96" CONTENT="gebe,"/><SP WIDTH="31" VPOS="1674" HPOS="1153"/>
							<String ID="string_189" HPOS="1184" VPOS="1678" WIDTH="102" HEIGHT="49" WC="0.96" CONTENT="wie"/><SP WIDTH="34" VPOS="1678" HPOS="1286"/>
							<String ID="string_190" HPOS="1320" VPOS="1675" WIDTH="231" HEIGHT="53" WC="0.95" CONTENT="Darwin"/><SP WIDTH="33" VPOS="1675" HPOS="1551"/>
							<String ID="string_191" HPOS="1584" VPOS="1676" WIDTH="115" HEIGHT="52" WC="0.93" CONTENT="und"/><SP WIDTH="33" VPOS="1676" HPOS="1699"/>
							<String ID="string_192" HPOS="1732" VPOS="1678" WIDTH="242" HEIGHT="51" WC="0.92" CONTENT="Haeckel"/><SP WIDTH="34" VPOS="1678" HPOS="1974"/>
							<String ID="string_193" HPOS="2008" VPOS="1699" WIDTH="56" HEIGHT="33" WC="0.93" CONTENT="es"/><SP WIDTH="33" VPOS="1699" HPOS="2064"/>
							<String ID="string_194" HPOS="2097" VPOS="1679" WIDTH="239" HEIGHT="51" WC="0.92" CONTENT="lehrten."/>
						</TextLine>
						<TextLine ID="line_21" HPOS="133" VPOS="1744" WIDTH="2204" HEIGHT="73">
							<String ID="string_195" HPOS="133" VPOS="1744" WIDTH="71" HEIGHT="53" WC="0.94" CONTENT="So"/><SP WIDTH="38" VPOS="1744" HPOS="204"/>
							<String ID="string_196" HPOS="242" VPOS="1745" WIDTH="130" HEIGHT="53" WC="0.96" CONTENT="kam"/><SP WIDTH="36" VPOS="1745" HPOS="372"/>
							<String ID="string_197" HPOS="408" VPOS="1765" WIDTH="76" HEIGHT="43" WC="0.96" CONTENT="es,"/><SP WIDTH="38" VPOS="1765" HPOS="484"/>
							<String ID="string_198" HPOS="522" VPOS="1747" WIDTH="106" HEIGHT="51" WC="0.95" CONTENT="daß"/><SP WIDTH="37" VPOS="1747" HPOS="628"/>
							<String ID="string_199" HPOS="665" VPOS="1767" WIDTH="128" HEIGHT="31" WC="0.96" CONTENT="man"/><SP WIDTH="38" VPOS="1767" HPOS="793"/>
							<String ID="string_200" HPOS="831" VPOS="1747" WIDTH="140" HEIGHT="53" WC="0.95" CONTENT="über"/><SP WIDTH="39" VPOS="1747" HPOS="971"/>
							<String ID="string_201" HPOS="1010" VPOS="1748" WIDTH="127" HEIGHT="53" WC="0.92" CONTENT="dem"/><SP WIDTH="35" VPOS="1748" HPOS="1137"/>
							<String ID="string_202" HPOS="1172" VPOS="1748" WIDTH="246" HEIGHT="66" WC="0.91" CONTENT="hitzigen"/><SP WIDTH="38" VPOS="1748" HPOS="1418"/>
							<String ID="string_203" HPOS="1456" VPOS="1750" WIDTH="514" HEIGHT="67" WC="0.92" CONTENT="Gelehrtenkampf"/><SP WIDTH="39" VPOS="1750" HPOS="1970"/>
							<String ID="string_204" HPOS="2009" VPOS="1754" WIDTH="87" HEIGHT="51" WC="0.96" CONTENT="die"/><SP WIDTH="40" VPOS="1754" HPOS="2096"/>
							<String ID="string_205" HPOS="2136" VPOS="1754" WIDTH="201" HEIGHT="51" WC="0.96" CONTENT="Arbeit"/>
						</TextLine>
						<TextLine ID="line_22" HPOS="136" VPOS="1820" WIDTH="2204" HEIGHT="71">
							<String ID="string_206" HPOS="136" VPOS="1820" WIDTH="95" HEIGHT="53" WC="0.96" CONTENT="des"/><SP WIDTH="34" VPOS="1820" HPOS="231"/>
							<String ID="string_207" HPOS="265" VPOS="1820" WIDTH="186" HEIGHT="54" WC="0.93" CONTENT="stillen"/><SP WIDTH="35" VPOS="1820" HPOS="451"/>
							<String ID="string_208" HPOS="486" VPOS="1820" WIDTH="262" HEIGHT="54" WC="0.92" CONTENT="Brünner"/><SP WIDTH="32" VPOS="1820" HPOS="748"/>
							<String ID="string_209" HPOS="780" VPOS="1822" WIDTH="228" HEIGHT="54" WC="0.91" CONTENT="Mönchs"/><SP WIDTH="35" VPOS="1822" HPOS="1008"/>
							<String ID="string_210" HPOS="1043" VPOS="1823" WIDTH="170" HEIGHT="67" WC="0.92" CONTENT="völlig"/><SP WIDTH="33" VPOS="1823" HPOS="1213"/>
							<String ID="string_211" HPOS="1246" VPOS="1824" WIDTH="269" HEIGHT="63" WC="0.92" CONTENT="übersah;"/><SP WIDTH="34" VPOS="1824" HPOS="1515"/>
							<String ID="string_212" HPOS="1549" VPOS="1825" WIDTH="174" HEIGHT="52" WC="0.96" CONTENT="selbst"/><SP WIDTH="35" VPOS="1825" HPOS="1723"/>
							<String ID="string_213" HPOS="1758" VPOS="1827" WIDTH="173" HEIGHT="64" WC="0.96" CONTENT="große"/><SP WIDTH="34" VPOS="1827" HPOS="1931"/>
							<String ID="string_214" HPOS="1965" VPOS="1826" WIDTH="240" HEIGHT="54" WC="0.96" CONTENT="Männer"/><SP WIDTH="35" VPOS="1826" HPOS="2205"/>
							<String ID="string_215" HPOS="2240" VPOS="1827" WIDTH="100" HEIGHT="53" WC="0.96" CONTENT="der"/>
						</TextLine>
						<TextLine ID="line_23" HPOS="134" VPOS="1894" WIDTH="2205" HEIGHT="71">
							<String ID="string_216" HPOS="134" VPOS="1894" WIDTH="139" HEIGHT="61" WC="0.96" CONTENT="Zeit,"/><SP WIDTH="50" VPOS="1894" HPOS="273"/>
							<String ID="string_217" HPOS="323" VPOS="1894" WIDTH="177" HEIGHT="53" WC="0.92" CONTENT="denen"/><SP WIDTH="48" VPOS="1894" HPOS="500"/>
							<String ID="string_218" HPOS="548" VPOS="1895" WIDTH="225" HEIGHT="54" WC="0.92" CONTENT="Mendel"/><SP WIDTH="48" VPOS="1895" HPOS="773"/>
							<String ID="string_219" HPOS="821" VPOS="1897" WIDTH="181" HEIGHT="52" WC="0.96" CONTENT="voller"/><SP WIDTH="45" VPOS="1897" HPOS="1002"/>
							<String ID="string_220" HPOS="1047" VPOS="1897" WIDTH="340" HEIGHT="68" WC="0.93" CONTENT="Verehrung"/><SP WIDTH="46" VPOS="1897" HPOS="1387"/>
							<String ID="string_221" HPOS="1433" VPOS="1899" WIDTH="300" HEIGHT="53" WC="0.92" CONTENT="Abdrucke"/><SP WIDTH="50" VPOS="1899" HPOS="1733"/>
							<String ID="string_222" HPOS="1783" VPOS="1903" WIDTH="186" HEIGHT="50" WC="0.92" CONTENT="seiner"/><SP WIDTH="48" VPOS="1903" HPOS="1969"/>
							<String ID="string_223" HPOS="2017" VPOS="1901" WIDTH="322" HEIGHT="52" WC="0.91" CONTENT="Veröffent-"/>
						</TextLine>
						<TextLine ID="line_24" HPOS="134" VPOS="1966" WIDTH="2204" HEIGHT="74">
							<String ID="string_224" HPOS="134" VPOS="1966" WIDTH="219" HEIGHT="70" WC="0.91" CONTENT="lichung"/><SP WIDTH="44" VPOS="1966" HPOS="353"/>
							<String ID="string_225" HPOS="397" VPOS="1969" WIDTH="364" HEIGHT="63" WC="0.91" CONTENT="übersandte,"/><SP WIDTH="44" VPOS="1969" HPOS="761"/>
							<String ID="string_226" HPOS="805" VPOS="1972" WIDTH="260" HEIGHT="51" WC="0.92" CONTENT="merkten"/><SP WIDTH="47" VPOS="1972" HPOS="1065"/>
							<String ID="string_227" HPOS="1112" VPOS="1993" WIDTH="96" HEIGHT="47" WC="0.96" CONTENT="gar"/><SP WIDTH="45" VPOS="1993" HPOS="1208"/>
							<String ID="string_228" HPOS="1253" VPOS="1975" WIDTH="168" HEIGHT="61" WC="0.96" CONTENT="nicht,"/><SP WIDTH="43" VPOS="1975" HPOS="1421"/>
							<String ID="string_229" HPOS="1464" VPOS="1976" WIDTH="169" HEIGHT="53" WC="0.96" CONTENT="welch"/><SP WIDTH="47" VPOS="1976" HPOS="1633"/>
							<String ID="string_230" HPOS="1680" VPOS="1978" WIDTH="432" HEIGHT="55" WC="0.93" CONTENT="entscheidende"/><SP WIDTH="48" VPOS="1978" HPOS="2112"/>
							<String ID="string_231" HPOS="2160" VPOS="1981" WIDTH="178" HEIGHT="52" WC="0.35" CONTENT="Beoh-"/>
						</TextLine>
						<TextLine ID="line_25" HPOS="135" VPOS="2006" WIDTH="2203" HEIGHT="114">
							<String ID="string_232" HPOS="135" VPOS="2006" WIDTH="308" HEIGHT="110" WC="0.92" CONTENT="achtungen"/><SP WIDTH="59" VPOS="2006" HPOS="443"/>
							<String ID="string_233" HPOS="502" VPOS="2044" WIDTH="123" HEIGHT="52" WC="0.96" CONTENT="hier"/><SP WIDTH="57" VPOS="2044" HPOS="625"/>
							<String ID="string_234" HPOS="682" VPOS="2044" WIDTH="387" HEIGHT="68" WC="0.96" CONTENT="niedergelegt"/><SP WIDTH="57" VPOS="2044" HPOS="1069"/>
							<String ID="string_235" HPOS="1126" VPOS="2067" WIDTH="204" HEIGHT="34" WC="0.93" CONTENT="waren."/><SP WIDTH="60" VPOS="2067" HPOS="1330"/>
							<String ID="string_236" HPOS="1390" VPOS="2050" WIDTH="496" HEIGHT="69" WC="0.92" CONTENT="Fünfunddreißig"/><SP WIDTH="58" VPOS="2050" HPOS="1886"/>
							<String ID="string_237" HPOS="1944" VPOS="2053" WIDTH="161" HEIGHT="67" WC="0.96" CONTENT="lange"/><SP WIDTH="61" VPOS="2053" HPOS="2105"/>
							<String ID="string_238" HPOS="2166" VPOS="2055" WIDTH="172" HEIGHT="57" WC="0.96" CONTENT="Jahre"/>
						</TextLine>
						<TextLine ID="line_26" HPOS="134" VPOS="2086" WIDTH="2204" HEIGHT="110">
							<String ID="string_239" HPOS="134" VPOS="2116" WIDTH="231" HEIGHT="53" WC="0.96" CONTENT="mußten"/><SP WIDTH="42" VPOS="2116" HPOS="365"/>
							<String ID="string_240" HPOS="407" VPOS="2119" WIDTH="301" HEIGHT="66" WC="0.96" CONTENT="vergehen,"/><SP WIDTH="41" VPOS="2119" HPOS="708"/>
							<String ID="string_241" HPOS="749" VPOS="2119" WIDTH="84" HEIGHT="54" WC="0.96" CONTENT="bis"/><SP WIDTH="43" VPOS="2119" HPOS="833"/>
							<String ID="string_242" HPOS="876" VPOS="2086" WIDTH="253" HEIGHT="88" WC="0.88" CONTENT="Mendels"/><SP WIDTH="43" VPOS="2086" HPOS="1129"/>
							<String ID="string_243" HPOS="1172" VPOS="2122" WIDTH="409" HEIGHT="56" WC="0.96" CONTENT="Erkenntnisse"/><SP WIDTH="45" VPOS="2122" HPOS="1581"/>
							<String ID="string_244" HPOS="1626" VPOS="2129" WIDTH="74" HEIGHT="49" WC="0.96" CONTENT="im"/><SP WIDTH="43" VPOS="2129" HPOS="1700"/>
							<String ID="string_245" HPOS="1743" VPOS="2094" WIDTH="169" HEIGHT="89" WC="0.95" CONTENT="Jahre"/><SP WIDTH="48" VPOS="2094" HPOS="1912"/>
							<String ID="string_246" HPOS="1960" VPOS="2096" WIDTH="139" HEIGHT="85" WC="0.96" CONTENT="1900"/><SP WIDTH="44" VPOS="2096" HPOS="2099"/>
							<String ID="string_247" HPOS="2143" VPOS="2130" WIDTH="195" HEIGHT="66" WC="0.89" CONTENT="gleich-"/>
						</TextLine>
						<TextLine ID="line_27" HPOS="134" VPOS="2193" WIDTH="2205" HEIGHT="72">
							<String ID="string_248" HPOS="134" VPOS="2194" WIDTH="169" HEIGHT="65" WC="0.96" CONTENT="zeitig"/><SP WIDTH="32" VPOS="2194" HPOS="303"/>
							<String ID="string_249" HPOS="335" VPOS="2213" WIDTH="108" HEIGHT="31" WC="0.96" CONTENT="von"/><SP WIDTH="34" VPOS="2213" HPOS="443"/>
							<String ID="string_250" HPOS="477" VPOS="2193" WIDTH="121" HEIGHT="52" WC="0.96" CONTENT="drei"/><SP WIDTH="32" VPOS="2193" HPOS="598"/>
							<String ID="string_251" HPOS="630" VPOS="2193" WIDTH="326" HEIGHT="65" WC="0.96" CONTENT="Forschern,"/><SP WIDTH="38" VPOS="2193" HPOS="956"/>
							<String ID="string_252" HPOS="994" VPOS="2196" WIDTH="89" HEIGHT="51" WC="0.96" CONTENT="die"/><SP WIDTH="34" VPOS="2196" HPOS="1083"/>
							<String ID="string_253" HPOS="1117" VPOS="2198" WIDTH="110" HEIGHT="50" WC="0.96" CONTENT="sich"/><SP WIDTH="34" VPOS="2198" HPOS="1227"/>
							<String ID="string_254" HPOS="1261" VPOS="2198" WIDTH="365" HEIGHT="67" WC="0.95" CONTENT="unabhängig"/><SP WIDTH="31" VPOS="2198" HPOS="1626"/>
							<String ID="string_255" HPOS="1657" VPOS="2202" WIDTH="391" HEIGHT="53" WC="0.96" CONTENT="voneinander"/><SP WIDTH="32" VPOS="2202" HPOS="2048"/>
							<String ID="string_256" HPOS="2080" VPOS="2206" WIDTH="113" HEIGHT="52" WC="0.95" CONTENT="und"/><SP WIDTH="36" VPOS="2206" HPOS="2193"/>
							<String ID="string_257" HPOS="2229" VPOS="2224" WIDTH="110" HEIGHT="32" WC="0.96" CONTENT="von"/>
						</TextLine>
						<TextLine ID="line_28" HPOS="134" VPOS="2240" WIDTH="2205" HEIGHT="105">
							<String ID="string_258" HPOS="134" VPOS="2286" WIDTH="138" HEIGHT="46" WC="0.96" CONTENT="ganz"/><SP WIDTH="27" VPOS="2286" HPOS="272"/>
							<String ID="string_259" HPOS="299" VPOS="2266" WIDTH="437" HEIGHT="55" WC="0.96" CONTENT="verschiedenen"/><SP WIDTH="29" VPOS="2266" HPOS="736"/>
							<String ID="string_260" HPOS="765" VPOS="2248" WIDTH="502" HEIGHT="87" WC="0.96" CONTENT="Fragestellungen"/><SP WIDTH="32" VPOS="2248" HPOS="1267"/>
							<String ID="string_261" HPOS="1299" VPOS="2293" WIDTH="95" HEIGHT="32" WC="0.96" CONTENT="aus"/><SP WIDTH="31" VPOS="2293" HPOS="1394"/>
							<String ID="string_262" HPOS="1425" VPOS="2240" WIDTH="138" HEIGHT="85" WC="0.51" CONTENT="des:"/><SP WIDTH="17" VPOS="2240" HPOS="1563"/>
							<String ID="string_263" HPOS="1580" VPOS="2242" WIDTH="266" HEIGHT="85" WC="0.95" CONTENT="Problem"/><SP WIDTH="30" VPOS="2242" HPOS="1846"/>
							<String ID="string_264" HPOS="1876" VPOS="2276" WIDTH="101" HEIGHT="52" WC="0.96" CONTENT="der"/><SP WIDTH="27" VPOS="2276" HPOS="1977"/>
							<String ID="string_265" HPOS="2004" VPOS="2278" WIDTH="335" HEIGHT="67" WC="0.96" CONTENT="Vererbung"/>
						</TextLine>
						<TextLine ID="line_29" HPOS="133" VPOS="2341" WIDTH="2206" HEIGHT="73">
							<String ID="string_266" HPOS="133" VPOS="2341" WIDTH="331" HEIGHT="65" WC="0.96" CONTENT="zugewandt"/><SP WIDTH="32" VPOS="2341" HPOS="464"/>
							<String ID="string_267" HPOS="496" VPOS="2342" WIDTH="258" HEIGHT="63" WC="0.96" CONTENT="hatten,"/><SP WIDTH="-11" VPOS="2342" HPOS="754"/>
							<String ID="string_268" HPOS="743" VPOS="2364" WIDTH="54" HEIGHT="30" WC="0.96" CONTENT="in"/><SP WIDTH="30" VPOS="2364" HPOS="797"/>
							<String ID="string_269" HPOS="827" VPOS="2344" WIDTH="207" HEIGHT="53" WC="0.93" CONTENT="vollem"/><SP WIDTH="34" VPOS="2344" HPOS="1034"/>
							<String ID="string_270" HPOS="1068" VPOS="2345" WIDTH="278" HEIGHT="69" WC="0.92" CONTENT="Umfange"/><SP WIDTH="32" VPOS="2345" HPOS="1346"/>
							<String ID="string_271" HPOS="1378" VPOS="2348" WIDTH="271" HEIGHT="66" WC="0.96" CONTENT="bestätigt"/><SP WIDTH="31" VPOS="2348" HPOS="1649"/>
							<String ID="string_272" HPOS="1680" VPOS="2351" WIDTH="248" HEIGHT="51" WC="0.96" CONTENT="wurden."/><SP WIDTH="34" VPOS="2351" HPOS="1928"/>
							<String ID="string_273" HPOS="1962" VPOS="2351" WIDTH="128" HEIGHT="53" WC="0.96" CONTENT="Ihre"/><SP WIDTH="33" VPOS="2351" HPOS="2090"/>
							<String ID="string_274" HPOS="2123" VPOS="2354" WIDTH="216" HEIGHT="51" WC="0.96" CONTENT="Namen"/>
						</TextLine>
						<TextLine ID="line_30" HPOS="134" VPOS="2414" WIDTH="2204" HEIGHT="79">
							<String ID="string_275" HPOS="134" VPOS="2414" WIDTH="306" HEIGHT="53" WC="0.96" CONTENT="verdienen"/><SP WIDTH="35" VPOS="2414" HPOS="440"/>
							<String ID="string_276" HPOS="475" VPOS="2416" WIDTH="277" HEIGHT="54" WC="0.96" CONTENT="durchaus"/><SP WIDTH="41" VPOS="2416" HPOS="752"/>
							<String ID="string_277" HPOS="793" VPOS="2418" WIDTH="181" HEIGHT="52" WC="0.96" CONTENT="neben"/><SP WIDTH="35" VPOS="2418" HPOS="974"/>
							<String ID="string_278" HPOS="1009" VPOS="2419" WIDTH="134" HEIGHT="52" WC="0.96" CONTENT="dem"/><SP WIDTH="39" VPOS="2419" HPOS="1143"/>
							<String ID="string_279" HPOS="1182" VPOS="2388" WIDTH="213" HEIGHT="85" WC="0.96" CONTENT="Namen"/><SP WIDTH="40" VPOS="2388" HPOS="1395"/>
							<String ID="string_280" HPOS="1435" VPOS="2421" WIDTH="218" HEIGHT="68" WC="0.92" CONTENT="Gregor"/><SP WIDTH="38" VPOS="2421" HPOS="1653"/>
							<String ID="string_281" HPOS="1691" VPOS="2424" WIDTH="253" HEIGHT="53" WC="0.91" CONTENT="Mendels"/><SP WIDTH="39" VPOS="2424" HPOS="1944"/>
							<String ID="string_282" HPOS="1983" VPOS="2441" WIDTH="250" HEIGHT="52" WC="0.96" CONTENT="genannt"/><SP WIDTH="39" VPOS="2441" HPOS="2233"/>
							<String ID="string_283" HPOS="2272" VPOS="2448" WIDTH="66" HEIGHT="31" WC="0.96" CONTENT="zu"/>
						</TextLine>
						<TextLine ID="line_31" HPOS="132" VPOS="2465" WIDTH="2205" HEIGHT="101">
							<String ID="string_284" HPOS="132" VPOS="2490" WIDTH="248" HEIGHT="51" WC="0.96" CONTENT="werden:"/><SP WIDTH="31" VPOS="2490" HPOS="380"/>
							<String ID="string_285" HPOS="411" VPOS="2490" WIDTH="70" HEIGHT="53" WC="0.96" CONTENT="Es"/><SP WIDTH="27" VPOS="2490" HPOS="481"/>
							<String ID="string_286" HPOS="508" VPOS="2511" WIDTH="188" HEIGHT="32" WC="0.96" CONTENT="waren"/><SP WIDTH="30" VPOS="2511" HPOS="696"/>
							<String ID="string_287" HPOS="726" VPOS="2491" WIDTH="88" HEIGHT="52" WC="0.96" CONTENT="die"/><SP WIDTH="29" VPOS="2491" HPOS="814"/>
							<String ID="string_288" HPOS="843" VPOS="2491" WIDTH="314" HEIGHT="54" WC="0.96" CONTENT="Botaniker"/><SP WIDTH="29" VPOS="2491" HPOS="1157"/>
							<String ID="string_289" HPOS="1186" VPOS="2495" WIDTH="139" HEIGHT="51" WC="0.96" CONTENT="Karl"/><SP WIDTH="29" VPOS="2495" HPOS="1325"/>
							<String ID="string_290" HPOS="1354" VPOS="2495" WIDTH="160" HEIGHT="53" WC="0.96" CONTENT="Erich"/><SP WIDTH="31" VPOS="2495" HPOS="1514"/>
							<String ID="string_291" HPOS="1545" VPOS="2465" WIDTH="284" HEIGHT="86" WC="0.0" CONTENT="Carr"/><SP WIDTH="-11" VPOS="2465" HPOS="1829"/>
							<String ID="string_292" HPOS="1818" VPOS="2519" WIDTH="55" HEIGHT="31" WC="0.96" CONTENT="in"/><SP WIDTH="28" VPOS="2519" HPOS="1873"/>
							<String ID="string_293" HPOS="1901" VPOS="2499" WIDTH="248" HEIGHT="67" WC="0.95" CONTENT="Leipzig,"/><SP WIDTH="29" VPOS="2499" HPOS="2149"/>
							<String ID="string_294" HPOS="2178" VPOS="2501" WIDTH="159" HEIGHT="52" WC="0.96" CONTENT="Erich"/>
						</TextLine>
						<TextLine ID="line_32" HPOS="133" VPOS="2563" WIDTH="2206" HEIGHT="70">
							<String ID="string_295" HPOS="133" VPOS="2584" WIDTH="109" HEIGHT="32" WC="0.93" CONTENT="von"/><SP WIDTH="31" VPOS="2584" HPOS="242"/>
							<String ID="string_296" HPOS="273" VPOS="2563" WIDTH="383" HEIGHT="54" WC="0.92" CONTENT="Tschermak"/><SP WIDTH="9" VPOS="2563" HPOS="656"/>
							<String ID="string_297" HPOS="665" VPOS="2587" WIDTH="34" HEIGHT="30" WC="0.96" CONTENT="in"/><SP WIDTH="30" VPOS="2587" HPOS="699"/>
							<String ID="string_298" HPOS="729" VPOS="2566" WIDTH="161" HEIGHT="53" WC="0.96" CONTENT="Wien"/><SP WIDTH="31" VPOS="2566" HPOS="890"/>
							<String ID="string_299" HPOS="921" VPOS="2567" WIDTH="116" HEIGHT="52" WC="0.96" CONTENT="und"/><SP WIDTH="30" VPOS="2567" HPOS="1037"/>
							<String ID="string_300" HPOS="1067" VPOS="2569" WIDTH="164" HEIGHT="64" WC="0.95" CONTENT="Hugo"/><SP WIDTH="33" VPOS="2569" HPOS="1231"/>
							<String ID="string_301" HPOS="1264" VPOS="2570" WIDTH="67" HEIGHT="52" WC="0.93" CONTENT="de"/><SP WIDTH="31" VPOS="2570" HPOS="1331"/>
							<String ID="string_302" HPOS="1362" VPOS="2570" WIDTH="210" HEIGHT="63" WC="0.93" CONTENT="Vries"/><SP WIDTH="10" VPOS="2570" HPOS="1572"/>
							<String ID="string_303" HPOS="1582" VPOS="2592" WIDTH="32" HEIGHT="30" WC="0.96" CONTENT="in"/><SP WIDTH="33" VPOS="2592" HPOS="1614"/>
							<String ID="string_304" HPOS="1647" VPOS="2573" WIDTH="378" HEIGHT="53" WC="0.96" CONTENT="Amsterdam."/><SP WIDTH="35" VPOS="2573" HPOS="2025"/>
							<String ID="string_305" HPOS="2060" VPOS="2575" WIDTH="124" HEIGHT="52" WC="0.96" CONTENT="Alle"/><SP WIDTH="34" VPOS="2575" HPOS="2184"/>
							<String ID="string_306" HPOS="2218" VPOS="2576" WIDTH="121" HEIGHT="51" WC="0.96" CONTENT="drei"/>
						</TextLine>
						<TextLine ID="line_33" HPOS="133" VPOS="2637" WIDTH="2206" HEIGHT="72">
							<String ID="string_307" HPOS="133" VPOS="2639" WIDTH="123" HEIGHT="50" WC="0.96" CONTENT="sind"/><SP WIDTH="44" VPOS="2639" HPOS="256"/>
							<String ID="string_308" HPOS="300" VPOS="2637" WIDTH="211" HEIGHT="55" WC="0.96" CONTENT="damals"/><SP WIDTH="44" VPOS="2637" HPOS="511"/>
							<String ID="string_309" HPOS="555" VPOS="2639" WIDTH="193" HEIGHT="53" WC="0.96" CONTENT="höchst"/><SP WIDTH="44" VPOS="2639" HPOS="748"/>
							<String ID="string_310" HPOS="792" VPOS="2652" WIDTH="258" HEIGHT="42" WC="0.96" CONTENT="erstaunt"/><SP WIDTH="45" VPOS="2652" HPOS="1050"/>
							<String ID="string_311" HPOS="1095" VPOS="2662" WIDTH="273" HEIGHT="47" WC="0.96" CONTENT="gewesen,"/><SP WIDTH="41" VPOS="2662" HPOS="1368"/>
							<String ID="string_312" HPOS="1409" VPOS="2644" WIDTH="123" HEIGHT="55" WC="0.96" CONTENT="ihre"/><SP WIDTH="44" VPOS="2644" HPOS="1532"/>
							<String ID="string_313" HPOS="1576" VPOS="2648" WIDTH="389" HEIGHT="51" WC="0.96" CONTENT="vermeintlich"/><SP WIDTH="45" VPOS="2648" HPOS="1965"/>
							<String ID="string_314" HPOS="2010" VPOS="2670" WIDTH="182" HEIGHT="32" WC="0.93" CONTENT="neuen"/><SP WIDTH="46" VPOS="2670" HPOS="2192"/>
							<String ID="string_315" HPOS="2238" VPOS="2650" WIDTH="101" HEIGHT="52" WC="0.92" CONTENT="Be-"/>
						</TextLine>
						<TextLine ID="line_34" HPOS="133" VPOS="2712" WIDTH="2204" HEIGHT="70">
							<String ID="string_316" HPOS="133" VPOS="2712" WIDTH="177" HEIGHT="53" WC="0.91" CONTENT="funde"/><SP WIDTH="38" VPOS="2712" HPOS="310"/>
							<String ID="string_317" HPOS="348" VPOS="2715" WIDTH="57" HEIGHT="50" WC="0.96" CONTENT="in"/><SP WIDTH="39" VPOS="2715" HPOS="405"/>
							<String ID="string_318" HPOS="444" VPOS="2713" WIDTH="100" HEIGHT="52" WC="0.96" CONTENT="der"/><SP WIDTH="37" VPOS="2713" HPOS="544"/>
							<String ID="string_319" HPOS="581" VPOS="2714" WIDTH="183" HEIGHT="68" WC="0.95" CONTENT="längst"/><SP WIDTH="36" VPOS="2714" HPOS="764"/>
							<String ID="string_320" HPOS="800" VPOS="2735" WIDTH="371" HEIGHT="47" WC="0.96" CONTENT="vergessenen"/><SP WIDTH="38" VPOS="2735" HPOS="1171"/>
							<String ID="string_321" HPOS="1209" VPOS="2717" WIDTH="201" HEIGHT="54" WC="0.94" CONTENT="Arbeit"/><SP WIDTH="37" VPOS="2717" HPOS="1410"/>
							<String ID="string_322" HPOS="1447" VPOS="2719" WIDTH="96" HEIGHT="53" WC="0.93" CONTENT="des"/><SP WIDTH="39" VPOS="2719" HPOS="1543"/>
							<String ID="string_323" HPOS="1582" VPOS="2720" WIDTH="262" HEIGHT="53" WC="0.91" CONTENT="Brünner"/><SP WIDTH="36" VPOS="2720" HPOS="1844"/>
							<String ID="string_324" HPOS="1880" VPOS="2722" WIDTH="196" HEIGHT="54" WC="0.85" CONTENT="Paters"/><SP WIDTH="39" VPOS="2722" HPOS="2076"/>
							<String ID="string_325" HPOS="2115" VPOS="2745" WIDTH="65" HEIGHT="31" WC="0.93" CONTENT="zu"/><SP WIDTH="41" VPOS="2745" HPOS="2180"/>
							<String ID="string_326" HPOS="2221" VPOS="2738" WIDTH="116" HEIGHT="38" WC="0.90" CONTENT="ent-"/>
						</TextLine>
						<TextLine ID="line_35" HPOS="133" VPOS="2756" WIDTH="2204" HEIGHT="107">
							<String ID="string_327" HPOS="133" VPOS="2786" WIDTH="223" HEIGHT="62" WC="0.96" CONTENT="decken,"/><SP WIDTH="49" VPOS="2786" HPOS="356"/>
							<String ID="string_328" HPOS="405" VPOS="2787" WIDTH="99" HEIGHT="53" WC="0.96" CONTENT="der"/><SP WIDTH="47" VPOS="2787" HPOS="504"/>
							<String ID="string_329" HPOS="551" VPOS="2808" WIDTH="60" HEIGHT="34" WC="0.96" CONTENT="so"/><SP WIDTH="49" VPOS="2808" HPOS="611"/>
							<String ID="string_330" HPOS="660" VPOS="2756" WIDTH="296" HEIGHT="101" WC="0.67" CONTENT="sorgfältig"/><SP WIDTH="49" VPOS="2756" HPOS="956"/>
							<String ID="string_331" HPOS="1005" VPOS="2790" WIDTH="336" HEIGHT="55" WC="0.96" CONTENT="beobachtet"/><SP WIDTH="49" VPOS="2790" HPOS="1341"/>
							<String ID="string_332" HPOS="1390" VPOS="2794" WIDTH="116" HEIGHT="52" WC="0.96" CONTENT="und"/><SP WIDTH="46" VPOS="2794" HPOS="1506"/>
							<String ID="string_333" HPOS="1552" VPOS="2796" WIDTH="153" HEIGHT="52" WC="0.96" CONTENT="seine"/><SP WIDTH="49" VPOS="2796" HPOS="1705"/>
							<String ID="string_334" HPOS="1754" VPOS="2794" WIDTH="474" HEIGHT="69" WC="0.95" CONTENT="Beobachtungen"/><SP WIDTH="51" VPOS="2794" HPOS="2228"/>
							<String ID="string_335" HPOS="2279" VPOS="2820" WIDTH="58" HEIGHT="32" WC="0.91" CONTENT="so"/>
						</TextLine>
						<TextLine ID="line_36" HPOS="134" VPOS="2828" WIDTH="2206" HEIGHT="108">
							<String ID="string_336" HPOS="134" VPOS="2862" WIDTH="415" HEIGHT="53" WC="0.96" CONTENT="überraschend"/><SP WIDTH="29" VPOS="2862" HPOS="549"/>
							<String ID="string_337" HPOS="578" VPOS="2830" WIDTH="209" HEIGHT="104" WC="0.93" CONTENT="richtig"/><SP WIDTH="19" VPOS="2830" HPOS="787"/>
							<String ID="string_338" HPOS="806" VPOS="2828" WIDTH="266" HEIGHT="108" WC="0.42" CONTENT="gedeutet"/><SP WIDTH="32" VPOS="2828" HPOS="1072"/>
							<String ID="string_339" HPOS="1104" VPOS="2866" WIDTH="174" HEIGHT="53" WC="0.96" CONTENT="hatte."/><SP WIDTH="31" VPOS="2866" HPOS="1278"/>
							<String ID="string_340" HPOS="1309" VPOS="2868" WIDTH="120" HEIGHT="52" WC="0.96" CONTENT="Ihm"/><SP WIDTH="31" VPOS="2868" HPOS="1429"/>
							<String ID="string_341" HPOS="1460" VPOS="2889" WIDTH="66" HEIGHT="31" WC="0.96" CONTENT="zu"/><SP WIDTH="30" VPOS="2889" HPOS="1526"/>
							<String ID="string_342" HPOS="1556" VPOS="2869" WIDTH="206" HEIGHT="63" WC="0.96" CONTENT="Ehren,"/><SP WIDTH="33" VPOS="2869" HPOS="1762"/>
							<String ID="string_343" HPOS="1795" VPOS="2870" WIDTH="98" HEIGHT="52" WC="0.96" CONTENT="der"/><SP WIDTH="33" VPOS="2870" HPOS="1893"/>
							<String ID="string_344" HPOS="1926" VPOS="2892" WIDTH="88" HEIGHT="33" WC="0.96" CONTENT="am"/><SP WIDTH="30" VPOS="2892" HPOS="2014"/>
							<String ID="string_345" HPOS="2044" VPOS="2876" WIDTH="47" HEIGHT="49" WC="0.96" CONTENT="6."/><SP WIDTH="33" VPOS="2876" HPOS="2091"/>
							<String ID="string_346" HPOS="2124" VPOS="2876" WIDTH="216" HEIGHT="55" WC="0.73" CONTENT="Januar"/>
						</TextLine>
						<TextLine ID="line_37" HPOS="136" VPOS="2937" WIDTH="2202" HEIGHT="71">
							<String ID="string_347" HPOS="136" VPOS="2937" WIDTH="138" HEIGHT="52" WC="0.96" CONTENT="1884"/><SP WIDTH="36" VPOS="2937" HPOS="274"/>
							<String ID="string_348" HPOS="310" VPOS="2938" WIDTH="78" HEIGHT="52" WC="0.96" CONTENT="als"/><SP WIDTH="36" VPOS="2938" HPOS="388"/>
							<String ID="string_349" HPOS="424" VPOS="2937" WIDTH="113" HEIGHT="52" WC="0.96" CONTENT="Abt"/><SP WIDTH="37" VPOS="2937" HPOS="537"/>
							<String ID="string_350" HPOS="574" VPOS="2941" WIDTH="182" HEIGHT="50" WC="0.96" CONTENT="seines"/><SP WIDTH="36" VPOS="2941" HPOS="756"/>
							<String ID="string_351" HPOS="792" VPOS="2939" WIDTH="259" HEIGHT="52" WC="0.96" CONTENT="Klosters"/><SP WIDTH="37" VPOS="2939" HPOS="1051"/>
							<String ID="string_352" HPOS="1088" VPOS="2944" WIDTH="57" HEIGHT="47" WC="0.96" CONTENT="in"/><SP WIDTH="36" VPOS="2944" HPOS="1145"/>
							<String ID="string_353" HPOS="1181" VPOS="2941" WIDTH="194" HEIGHT="52" WC="0.96" CONTENT="Brünn"/><SP WIDTH="38" VPOS="2941" HPOS="1375"/>
							<String ID="string_354" HPOS="1413" VPOS="2943" WIDTH="258" HEIGHT="52" WC="0.96" CONTENT="friedlich"/><SP WIDTH="37" VPOS="2943" HPOS="1671"/>
							<String ID="string_355" HPOS="1708" VPOS="2945" WIDTH="115" HEIGHT="52" WC="0.96" CONTENT="und"/><SP WIDTH="36" VPOS="2945" HPOS="1823"/>
							<String ID="string_356" HPOS="1859" VPOS="2946" WIDTH="132" HEIGHT="62" WC="0.96" CONTENT="still,"/><SP WIDTH="36" VPOS="2946" HPOS="1991"/>
							<String ID="string_357" HPOS="2027" VPOS="2950" WIDTH="102" HEIGHT="50" WC="0.96" CONTENT="wie"/><SP WIDTH="38" VPOS="2950" HPOS="2129"/>
							<String ID="string_358" HPOS="2167" VPOS="2970" WIDTH="62" HEIGHT="31" WC="0.96" CONTENT="er"/><SP WIDTH="35" VPOS="2970" HPOS="2229"/>
							<String ID="string_359" HPOS="2264" VPOS="2951" WIDTH="74" HEIGHT="49" WC="0.96" CONTENT="im"/>
						</TextLine>
						<TextLine ID="line_38" HPOS="131" VPOS="3011" WIDTH="2208" HEIGHT="67">
							<String ID="string_360" HPOS="131" VPOS="3011" WIDTH="190" HEIGHT="52" WC="0.96" CONTENT="Leben"/><SP WIDTH="30" VPOS="3011" HPOS="321"/>
							<String ID="string_361" HPOS="351" VPOS="3032" WIDTH="272" HEIGHT="46" WC="0.93" CONTENT="gewesen,"/><SP WIDTH="30" VPOS="3032" HPOS="623"/>
							<String ID="string_362" HPOS="653" VPOS="3014" WIDTH="345" HEIGHT="52" WC="0.91" CONTENT="entschlafen"/><SP WIDTH="30" VPOS="3014" HPOS="998"/>
							<String ID="string_363" HPOS="1028" VPOS="3035" WIDTH="133" HEIGHT="41" WC="0.96" CONTENT="war,"/><SP WIDTH="31" VPOS="3035" HPOS="1161"/>
							<String ID="string_364" HPOS="1192" VPOS="3016" WIDTH="96" HEIGHT="52" WC="0.96" CONTENT="hat"/><SP WIDTH="28" VPOS="3016" HPOS="1288"/>
							<String ID="string_365" HPOS="1316" VPOS="3038" WIDTH="128" HEIGHT="31" WC="0.96" CONTENT="man"/><SP WIDTH="31" VPOS="3038" HPOS="1444"/>
							<String ID="string_366" HPOS="1475" VPOS="3018" WIDTH="88" HEIGHT="52" WC="0.96" CONTENT="die"/><SP WIDTH="31" VPOS="3018" HPOS="1563"/>
							<String ID="string_367" HPOS="1594" VPOS="3039" WIDTH="109" HEIGHT="32" WC="0.96" CONTENT="von"/><SP WIDTH="30" VPOS="3039" HPOS="1703"/>
							<String ID="string_368" HPOS="1733" VPOS="3020" WIDTH="115" HEIGHT="51" WC="0.96" CONTENT="ihm"/><SP WIDTH="30" VPOS="3020" HPOS="1848"/>
							<String ID="string_369" HPOS="1878" VPOS="3035" WIDTH="188" HEIGHT="39" WC="0.76" CONTENT="zuerst"/><SP WIDTH="31" VPOS="3035" HPOS="2066"/>
							<String ID="string_370" HPOS="2097" VPOS="3022" WIDTH="242" HEIGHT="52" WC="0.91" CONTENT="erkann-"/>
						</TextLine>
						<TextLine ID="line_39" HPOS="131" VPOS="3084" WIDTH="2208" HEIGHT="76">
							<String ID="string_371" HPOS="131" VPOS="3098" WIDTH="94" HEIGHT="39" WC="0.93" CONTENT="ten"/><SP WIDTH="35" VPOS="3098" HPOS="225"/>
							<String ID="string_372" HPOS="260" VPOS="3084" WIDTH="593" HEIGHT="70" WC="0.90" CONTENT="Gesetzmäßigkeiten"/><SP WIDTH="37" VPOS="3084" HPOS="853"/>
							<String ID="string_373" HPOS="890" VPOS="3089" WIDTH="87" HEIGHT="52" WC="0.92" CONTENT="die"/><SP WIDTH="37" VPOS="3089" HPOS="977"/>
							<String ID="string_374" HPOS="1014" VPOS="3089" WIDTH="429" HEIGHT="58" WC="0.91" CONTENT="„Mendelschen"/><SP WIDTH="36" VPOS="3089" HPOS="1443"/>
							<String ID="string_375" HPOS="1479" VPOS="3092" WIDTH="275" HEIGHT="53" WC="0.95" CONTENT="Gesetze“"/><SP WIDTH="36" VPOS="3092" HPOS="1754"/>
							<String ID="string_376" HPOS="1790" VPOS="3108" WIDTH="263" HEIGHT="52" WC="0.96" CONTENT="genannt."/><SP WIDTH="37" VPOS="3108" HPOS="2053"/>
							<String ID="string_377" HPOS="2090" VPOS="3096" WIDTH="90" HEIGHT="54" WC="0.96" CONTENT="Sie"/><SP WIDTH="35" VPOS="3096" HPOS="2180"/>
							<String ID="string_378" HPOS="2215" VPOS="3097" WIDTH="124" HEIGHT="53" WC="0.95" CONTENT="sind"/>
						</TextLine>
						<TextLine ID="line_40" HPOS="133" VPOS="3161" WIDTH="1727" HEIGHT="73">
							<String ID="string_379" HPOS="133" VPOS="3161" WIDTH="87" HEIGHT="52" WC="0.96" CONTENT="die"/><SP WIDTH="31" VPOS="3161" HPOS="220"/>
							<String ID="string_380" HPOS="251" VPOS="3161" WIDTH="325" HEIGHT="68" WC="0.96" CONTENT="Grundlage"/><SP WIDTH="33" VPOS="3161" HPOS="576"/>
							<String ID="string_381" HPOS="609" VPOS="3161" WIDTH="139" HEIGHT="55" WC="0.96" CONTENT="aller"/><SP WIDTH="28" VPOS="3161" HPOS="748"/>
							<String ID="string_382" HPOS="776" VPOS="3164" WIDTH="309" HEIGHT="52" WC="0.96" CONTENT="modernen"/><SP WIDTH="31" VPOS="3164" HPOS="1085"/>
							<String ID="string_383" HPOS="1116" VPOS="3164" WIDTH="322" HEIGHT="70" WC="0.96" CONTENT="Forschung"/><SP WIDTH="31" VPOS="3164" HPOS="1438"/>
							<String ID="string_384" HPOS="1469" VPOS="3188" WIDTH="127" HEIGHT="31" WC="0.96" CONTENT="vom"/><SP WIDTH="30" VPOS="3188" HPOS="1596"/>
							<String ID="string_385" HPOS="1626" VPOS="3167" WIDTH="234" HEIGHT="67" WC="0.96" CONTENT="Erbgut."/>
						</TextLine>
					</TextBlock>
				</ComposedBlock>
				<ComposedBlock ID="cblock_2" HPOS="1199" VPOS="3316" WIDTH="65" HEIGHT="51">
					<TextBlock ID="block_2" HPOS="1199" VPOS="3316" WIDTH="65" HEIGHT="51">
						<TextLine ID="line_41" HPOS="1199" VPOS="3316" WIDTH="65" HEIGHT="51">
							<String ID="string_386" HPOS="1199" VPOS="3316" WIDTH="65" HEIGHT="51" WC="0.73" CONTENT="11"/>
						</TextLine>
					</TextBlock>
				</ComposedBlock>
			</PrintSpace>
		</Page>
	</Layout>
</alto>
