2481 3508
137 196 212 65 großen
391 178 455 75 Naturforschers
885 220 96 34 aus
1012 199 216 63 Brünn,
1261 201 98 53 der
1392 202 88 53 die
1512 202 400 53 Wissenschaft
1944 223 128 32 vom
2101 202 236 67 Erbgut,

137 269 91 53 die
262 270 522 68 Vererbungslehre
818 274 139 53 oder
989 273 262 65 Genetik,
1283 276 325 67 überhaupt
1641 289 113 40 erst
1787 276 313 68 geschaffen
2131 276 208 53 hat...

211 363 98 54 Als
337 365 151 53 Sohn
514 368 152 51 eines
695 367 300 52 deutschen
1021 366 225 54 Bauern
1272 369 192 52 wurde
1492 369 223 56 Johann
1742 368 227 53 Mendel
1997 390 85 31 am
2110 372 85 49 22.
2224 369 112 57 Juli

139 439 138 51 1822
307 459 68 32 zu
405 440 391 53 Heinzendorf
823 444 55 48 in
907 435 740 60 Österreichisch-Schlesien
1678 443 263 65 geboren.
1972 442 73 53 Er
2074 443 264 52 besuchte

140 511 95 53 das
283 512 365 66 Gymnasium
693 518 55 48 in
793 515 288 67 Troppau,
1126 518 297 61 studierte,
1469 518 67 50 da
1583 538 60 30 er
1688 518 109 52 sich
1845 517 127 51 dem
2017 518 321 64 geistlichen

139 584 180 54 Beruf
374 588 242 52 widmen
672 588 208 62 wollte,
938 610 67 32 an
1065 590 99 51 der
1219 590 891 66 Philosophisch-Theologischen
2168 590 171 53 Lehr-

141 661 208 53 anstalt
377 665 55 48 in
459 662 227 52 Olmütz
714 664 114 51 und
856 677 113 39 trat
997 668 75 48 im
1100 664 171 57 Jahre
1303 667 137 50 1843
1469 668 55 49 in
1554 666 95 51 das
1678 664 263 53 Brünner
1970 664 368 66 Augustiner-

139 736 127 51 stift
307 740 108 48 ein.
456 737 118 52 Der
614 737 214 54 Novize
868 737 205 53 erhielt
1115 738 104 52 den
1260 740 439 52 Klosternamen
1740 739 236 65 Gregor,
2017 706 124 124 und
2172 752 166 40 unter

141 810 211 52 diesem
383 810 213 52 Namen
626 815 70 49 ist
727 832 60 32 er
816 812 344 52 unsterblich
1191 813 314 66 geworden.

211 916 83 53 Im
326 917 163 53 Alter
522 939 110 31 von
663 920 68 50 25
766 918 211 58 Jahren
1008 920 141 52 wird
1180 918 223 53 Bruder
1436 920 219 65 Gregor
1686 919 244 61 Diakon,
1964 920 115 52 und
2112 919 228 55 schließ-

140 990 102 53 lich
272 992 143 52 wird
445 1013 61 31 er
534 1013 125 31 zum
688 994 251 51 Priester
970 993 255 67 geweiht.
1257 994 84 52 Da
1372 1015 61 31 er
1461 994 180 52 neben
1674 997 211 50 seinem
1916 994 424 64 priesterlichen

139 1064 133 53 Amt
317 1087 135 45 gern
498 1068 133 51 auch
675 1067 90 52 die
808 1067 222 66 Jugend
1074 1068 263 52 erziehen
1381 1068 133 61 will,
1557 1069 256 51 versucht
1857 1067 215 66 Gregor
2114 1067 227 53 Mendel

141 1139 93 53 die
276 1139 261 69 Prüfung
584 1142 78 51 als
709 1141 521 66 Gymnasiallehrer
1275 1143 323 65 abzulegen.
1642 1142 173 53 Aber:
1861 1141 77 52 Er
1979 1143 226 52 besteht
2251 1141 91 52 die

141 1213 261 68 Prüfung
429 1215 149 52 nicht
602 1246 74 6 —
702 1237 61 42 er
792 1216 126 51 fällt
950 1215 191 53 durch!
1173 1216 206 56 Jedoch
1410 1217 116 51 läßt
1556 1237 60 31 er
1646 1217 108 52 sich
1784 1216 147 52 nicht
1961 1216 379 52 enttäuschen.

140 1287 98 54 Als
280 1287 376 68 begeisterter
696 1289 225 53 Freund
966 1292 100 50 der
1106 1290 183 52 Natur
1329 1292 113 50 und
1487 1289 569 53 Naturwissenschaft
2087 1290 257 62 studiert

141 1383 63 31 er
238 1384 111 31 von
387 1366 136 50 1851
561 1363 83 54 bis
682 1366 139 50 1853
856 1363 230 66 Physik,
1122 1363 394 63 Mathematik,
1552 1365 265 64 Zoologie
1854 1364 115 51 und
2004 1363 247 52 Botanik
2287 1366 55 48 in

142 1435 178 53 Wien.
366 1438 133 51 Man
544 1439 144 52 weiß
734 1439 167 61 nicht,
947 1439 71 52 ob
1064 1438 219 66 Gregor
1327 1438 225 52 Mendel
1599 1438 148 52 beim
1793 1440 234 68 zweiten
2073 1459 109 31 von
2229 1437 113 51 ihm

141 1522 509 42 unternommenen
702 1511 267 63 Versuch,
1022 1512 87 52 die
1164 1511 804 67 Gymnasiallehrer-Prüfung
2021 1512 323 65 abzulegen,

143 1586 297 53 abermals
461 1586 420 65 durchgefallen
920 1587 138 51 oder
1095 1586 70 52 ob
1203 1609 60 30 er
1299 1607 108 31 von
1447 1587 99 51 der
1582 1587 259 64 Prüfung
1876 1586 465 65 zurückgetreten

143 1663 96 59 ist;
271 1661 84 52 bis
387 1681 66 31 zu
487 1663 188 50 seiner
706 1661 161 51 Wahl
900 1681 125 32 zum
1057 1660 264 52 Prälaten
1355 1663 69 50 ist
1457 1660 301 65 jedenfalls
1792 1660 100 52 der
1924 1658 190 62 Mann,
2148 1660 194 51 dessen

142 1733 395 66 Forschungen
595 1737 90 49 ein
740 1734 217 52 wahres
1014 1733 298 53 Weltreich
1373 1755 67 31 an
1498 1733 446 53 Erkenntnissen
2001 1734 343 52 erschlossen

144 1804 201 65 haben,
394 1830 108 30 nur
554 1808 330 66 Suppleant,
936 1809 114 51 also
1104 1808 343 52 Hilfslehrer
1500 1828 66 31 an
1621 1808 98 51 der
1771 1807 465 52 Öberrealschule
2288 1809 54 47 in

195 1887 145 48 rünn
382 1904 269 45 gewesen.
693 1883 124 52 Alle
859 1885 152 50 seine
1054 1883 141 52 freie
1237 1883 121 51 Zeit
1400 1882 135 52 aber
1574 1882 261 50 widmete
1877 1901 59 31 er
1976 1883 191 49 seinen
2208 1880 136 52 Ver-

144 1956 221 63 suchen,
403 1957 189 52 hinter
631 1958 96 51 das
765 1956 324 53 Geheimnis
1129 1957 95 51 des
1262 1956 243 66 Erbguts
1545 1976 64 31 zu
1648 1956 280 50 kommen.
1969 1953 127 52 Und
2135 1955 77 53 als
2251 1955 91 50 für

144 2032 183 53 solche
354 2032 283 52 Versuche
666 2032 308 52 besonders
1001 2034 255 65 geeignet
1285 2031 156 51 hatte
1470 2050 60 32 er
1558 2049 137 46 ganz
1725 2028 376 67 gewöhnliche
2128 2028 216 53 Erbsen

145 2106 308 53 befunden.

217 2201 113 53 Das
374 2200 279 54 Gärtchen
696 2220 70 32 an
808 2201 100 51 der
948 2200 198 53 Mauer
1189 2201 95 53 des
1326 2200 263 54 Brünner
1632 2202 615 66 Augustinerklosters,
2288 2204 56 50 in

147 2275 126 53 dem
314 2276 101 51 der
455 2276 168 61 stille,
664 2275 349 52 freundliche
1054 2275 197 52 Mönch
1295 2296 137 46 ganz
1474 2276 94 51 für
1608 2276 108 52 sich
1761 2276 166 52 allein
1971 2279 152 49 seine
2166 2276 178 53 Kreu-

145 2351 445 63 zungsversuche
626 2349 360 63 unternahm,
1019 2352 69 49 ist
1123 2369 107 32 nur
1264 2352 67 49 35
1366 2349 184 52 Meter
1584 2351 128 66 lang
1744 2351 116 51 und
1892 2352 32 50 7
1958 2349 188 54 Meter
2177 2351 167 52 breit.

146 2423 154 54 Aber
341 2425 150 51 diese
530 2427 104 49 245
672 2424 441 65 Quadratmeter
1153 2425 121 52 sind
1313 2424 283 52 wahrhaft
1636 2424 363 53 historischer
2038 2425 191 52 Boden
2273 2427 73 48 im

146 2497 295 53 schönsten
484 2498 169 52 Sinne
699 2499 94 52 des
837 2498 240 61 Wortes,
1122 2497 385 67 ehrwürdiger
1552 2499 77 53 als
1674 2499 107 51 alle
1823 2498 522 66 Krönungsstätten

148 2574 114 52 und
303 2573 456 61 Schlachtfelder,
803 2573 144 51 denn
991 2573 122 51 hier
1154 2574 248 51 wurzeln
1442 2573 148 52 nicht
1634 2593 106 31 nur
1784 2573 421 67 grundlegende
2250 2573 96 50 Er-

148 2648 329 51 kenntnisse
508 2648 140 51 über
679 2648 94 51 das
805 2647 324 61 Geheimnis
1161 2647 97 52 der
1286 2647 337 88 Vererbung
1653 2647 115 52 und
1798 2648 173 51 damit
2004 2647 94 52 des
2129 2647 217 52 Lebens

149 2721 322 66 überhaupt
504 2752 74 6 —
609 2742 109 31 von
754 2722 122 51 hier
912 2741 94 32 aus
1042 2721 169 51 nahm
1248 2722 132 51 auch
1417 2723 125 50 eine
1578 2721 398 52 Wissenschaft
2011 2721 161 52 ihren
2209 2720 137 52 Aus-

148 2815 160 47 gang,
354 2797 88 51 die
487 2796 98 52 der
630 2796 367 65 hungernden
1041 2795 347 53 Menschheit
1432 2795 312 67 vielfältige
1789 2795 176 52 Ernte
2012 2796 97 50 auf
2153 2793 194 54 Böden

147 2871 276 52 schenken
458 2871 182 61 sollte,
676 2872 87 50 die
797 2891 97 45 gar
929 2871 165 51 keine
1129 2870 136 53 oder
1300 2870 233 52 vordem
1565 2891 106 31 nur
1705 2869 403 53 kümmerliche
2142 2869 203 52 Frucht

148 2958 270 54 getragen
451 2946 214 52 hatten.

221 3038 220 66 Gregor
478 3059 116 31 war
633 3038 385 53 unbeschwert
1057 3059 110 32 von
1209 3040 143 52 allen
1393 3040 283 54 konfusen
1716 3040 631 68 Vererbungstheorien
2388 3077 8 4 -

148 3133 388 47 vergangener
582 3112 422 57 Jahrhunderte
1053 3115 113 50 und
1213 3117 128 64 ging
1385 3117 101 50 mit
1531 3115 500 67 Unbefangenheit
2079 3137 68 31 an
2194 3119 153 51 seine

148 3188 299 53 Versuche.
488 3188 76 52 Er
602 3188 189 53 wollte
827 3196 74 44 an
944 3189 86 52 die
1071 3188 178 66 Frage
1289 3190 135 51 nach
1466 3189 125 52 dem
1633 3189 235 69 Erbgut,
1909 3210 69 31 an
2021 3191 87 53 die
2150 3191 198 66 Frage,

1216 3342 66 52 10
