2481 3508
220 182 4 2 h
2106 157 47 27 za

145 191 555 69 Denkmöglichkeit:
744 195 89 53 Sie
876 195 125 54 sind
1041 208 168 41 unter
1252 197 106 53 den
1400 197 324 54 Schwarzen
1766 196 282 54 versteckt
2086 228 74 7 —
2201 196 147 53 denn

141 266 172 57 schon
350 266 90 55 die
479 280 150 42 erste
666 268 778 70 Nachkommengeneration,
1483 272 89 53 die
1613 272 136 52 doch
1790 262 303 81 schwarzes
2135 270 214 67 Erbgut

147 362 129 34 vom
308 340 179 55 Vater
520 343 118 53 und
668 344 208 53 weißes
911 364 111 32 von
1058 344 100 54 der
1192 344 220 55 Mutter
1444 346 179 62 hatte,
1656 366 117 32 war
1807 348 56 63 ja
1896 344 153 53 nicht
2084 344 261 53 schwarz-

147 416 146 53 weiß
328 416 288 68 gemischt,
660 418 247 52 sondern
953 417 239 55 schwarz
1238 419 248 68 gefärbt:
1533 419 113 54 Das
1692 419 275 70 schwarze
2011 418 221 66 Erbgut
2275 420 72 50 ist

145 489 261 62 offenbar
433 511 60 34 so
527 492 306 67 „kräftig“,
865 492 110 53 daß
1009 513 55 32 es
1098 493 477 68 „durchschlägt“,
1607 494 110 52 daß
1750 514 58 32 es
1841 493 97 52 das
1971 492 197 53 Weiße
2203 511 147 33 zwar

144 564 152 55 nicht
334 565 296 67 auslöscht,
669 565 136 54 aber
841 587 56 32 es
935 567 396 59 „überdeckt“.
1368 567 181 52 Wenn
1588 568 137 52 aber
1761 568 153 51 dann
1951 569 59 49 in
2047 567 104 52 der
2187 566 159 52 näch-

144 651 123 42 sten
307 638 350 55 Generation
697 640 211 56 wieder
947 641 160 53 Weiß
1144 644 107 50 mit
1289 642 161 52 Weiß
1493 642 563 61 zusammenkommt,
2096 639 252 54 entsteht

144 716 92 50 ein
276 714 207 54 weißes
524 713 559 64 Meerschweinchen,
1126 713 178 58 selbst
1341 735 163 33 wenn
1549 714 89 54 die
1681 715 199 52 Eltern
1924 734 138 47 ganz
2107 713 240 55 schwarz

144 808 204 33 waren.

215 867 106 54 Die
361 867 611 64 Zahlenverhältnisse,
1013 867 88 54 die
1142 867 171 54 Peter
1353 869 115 52 und
1507 867 214 53 Martin
1760 870 103 50 mit
1902 867 162 53 ihren
2104 866 241 52 Erbver-

143 941 202 54 suchen
374 942 277 53 ermittelt
682 943 214 60 hatten,
927 945 287 50 stimmten
1246 944 116 51 also
1395 943 125 53 aufs
1551 943 257 52 schönste
1837 944 103 50 mit
1971 941 180 52 denen
2181 940 164 52 über-

132 1019 121 62 ein,
287 1016 89 54 die
412 1018 111 52 sich
558 1015 92 55 bei
688 1016 100 54 der
822 1015 585 68 Kugelkombination
1444 1016 244 68 ergeben
1723 1016 217 61 hatten,
1974 1015 117 52 und
2126 1036 60 33 so
2224 1034 120 32 ver-

142 1090 258 55 schieden
426 1090 89 54 die
540 1090 337 68 Ergebnisse
905 1090 98 54 der
1028 1089 637 68 Rot-Weiß-Kreuzung
1689 1090 115 52 und
1830 1090 88 51 die
1946 1089 99 52 der
2070 1088 274 54 Schwarz-

142 1164 497 69 Weiß-Kreuzung
670 1165 98 52 auf
799 1165 106 52 den
937 1177 190 41 ersten
1155 1163 155 55 Blick
1342 1164 344 69 ausgesehen
1716 1164 197 85 hatten
1942 1194 74 6 —
2045 1184 58 32 es
2134 1161 210 55 steckte

143 1239 248 55 dieselbe
422 1239 411 75 Kombination
867 1239 280 54 dahinter,

411 1715 323 68 Gregor
754 1714 334 58 Mendel
1110 1716 266 56 findet
1414 1717 129 61 die
1571 1716 498 67 Erbgesetze

177 2138 131 55 -Als
349 2139 110 53 sich
499 2140 136 53 nach
676 2140 261 66 längerer
977 2141 122 51 Zeit
1138 2141 210 52 wieder
1389 2141 207 52 einmal
1637 2140 371 68 Gelegenheit
2048 2161 69 32 zu
2159 2144 181 49 einem

138 2212 326 68 Geplauder
491 2216 101 51 mit
621 2214 104 53 den
753 2214 228 53 kleinen
1009 2213 480 55 Naturforschern
1518 2215 191 66 ergab,
1735 2236 114 31 war
1876 2215 81 52 ich
1985 2215 150 52 nicht
2160 2216 182 64 wenig

138 2300 257 41 erstaunt
439 2288 143 53 über
619 2289 125 62 das,
788 2308 109 33 was
941 2292 82 50 sie
1072 2288 69 53 da
1188 2289 497 67 herausgefunden
1734 2288 214 53 hatten.
1997 2289 161 59 „Alle
2206 2288 135 51 Ach-

137 2362 217 67 tung!“,
389 2375 155 54 sagte
582 2362 98 54 ich.
719 2362 192 61 „Aber
947 2382 98 47 gar
1081 2383 67 33 zu
1187 2363 140 53 stolz
1363 2362 235 54 braucht
1636 2363 89 51 ihr
1764 2364 97 51 auf
1899 2383 135 33 eure
2072 2362 271 66 Leistung

138 2437 150 52 nicht
327 2458 65 32 zu
432 2439 176 62 sein“,
648 2439 211 51 meinte
899 2438 102 63 ich,
1041 2436 187 61 „denn
1269 2438 75 52 all
1383 2438 120 62 das,
1543 2457 109 34 was
1692 2437 90 52 ihr
1821 2457 109 31 neu
1971 2437 263 52 entdeckt
2275 2457 67 31 zu

135 2510 184 53 haben
352 2510 215 68 glaubt,
595 2514 76 51 ist
702 2511 102 54 der
835 2511 399 55 Wissenschaft
1266 2514 167 52 schon
1465 2514 132 52 sehr
1626 2514 164 67 lange
1821 2514 312 54 bekannt“.

208 2591 106 52 Die
347 2590 204 54 beiden
584 2611 189 32 waren
808 2591 244 53 sichtlich
1088 2592 335 54 enttäuscht.
1459 2593 129 53 Und
1622 2614 60 33 so
1717 2594 148 66 legte
1900 2594 81 52 ich
2016 2595 170 52 ihnen
2224 2595 117 61 dar,

134 2667 102 51 wie
286 2664 497 68 Enttäuschungen
833 2686 308 46 sozusagen
1191 2687 101 32 zur
1342 2667 444 68 Tagesordnung
1835 2668 159 66 jedes
2045 2669 296 52 Forscher-

134 2737 194 56 lebens
361 2738 293 68 gehörten,
686 2740 116 53 und
834 2740 81 53 ich
948 2753 213 40 nannte
1194 2741 170 52 ihnen
1398 2742 79 53 als
1511 2741 248 66 Beispiel
1794 2743 103 51 den
1933 2742 215 52 Namen
2183 2746 157 63 jenes

134 2812 254 65 Mannes,
425 2813 101 54 der
562 2835 102 32 vor
704 2815 146 52 rund
887 2814 249 53 hundert
1174 2816 213 57 Jahren
1426 2816 78 53 als
1545 2829 181 39 erster
1764 2815 254 55 ähnliche
2055 2816 285 54 Versuche

133 2891 59 51 in
238 2890 233 66 großem
516 2887 283 69 Umfange
847 2889 409 67 durchgeführt
1303 2891 115 52 und
1468 2890 91 53 die
1606 2911 111 31 von
1764 2894 226 49 meinen
2035 2891 305 53 Freunden

134 2962 170 54 Peter
344 2963 116 53 und
498 2958 214 77 Martin
752 2963 360 67 gefundenen
1153 2965 211 52 Zahlen
1404 2968 58 49 in
1503 2965 248 52 hundert
1792 2965 115 52 und
1952 2965 388 53 aberhundert

107 3036 217 54 ‘Fällen
362 3036 273 69 bestätigt
672 3039 116 52 und
820 3037 280 68 gesichert
1138 3037 162 54 habe.
1340 3039 122 52 Zeit
1500 3042 181 51 seines
1720 3039 219 53 Lebens
1979 3043 79 50 sei
2097 3040 115 52 ihm
2251 3040 89 51 die

134 3113 428 67 Anerkennung
588 3125 225 55 versagt
841 3111 312 69 geblieben.
1181 3113 69 53 So
1278 3113 222 67 begann
1526 3114 83 52 ich
1636 3114 149 52 denn
1811 3134 129 32 vom
1967 3114 370 66 Augustiner-

134 3199 162 56 pater
339 3188 219 69 Gregor
602 3187 229 55 Mendel
873 3208 68 32 zu
987 3187 282 63 erzählen,
1313 3209 129 32 vom
1485 3188 189 52 Leben
1719 3188 116 53 und
1878 3186 234 55 Wirken
2158 3189 180 53 dieses

1217 3338 33 53 9
