2481 3508
373 999 65 41 Im
460 999 217 41 Zellkern
709 1021 15 8 -
751 1001 91 38 wie
864 1000 84 40 ihn
970 1001 102 39 hier
1094 1001 77 40 die
1193 1000 505 55 Mikrophotographie
1719 1002 409 42 vieltausendfah
2152 1015 96 28 ver-

371 1056 185 51 größert
589 1058 124 51 zeigt
744 1077 14 8 -
792 1055 113 54 liegt
938 1057 75 39 die
1041 1059 215 38 Antwort
1288 1059 81 39 auf
1400 1060 77 39 die
1504 1058 332 53 Rätselfragen
1868 1070 77 29 um
1978 1060 82 39 das
2087 1061 164 51 Erbgut

1677 1170 16 20 .

820 1317 295 58 Rätsel
1139 1335 139 41 um
1303 1321 153 56 das
1480 1320 322 69 Erbgut

213 1470 188 128 D..i
440 1529 178 52 weiße
654 1528 299 67 Vogeleier
990 1529 181 66 liegen
1209 1529 129 53 dort
1377 1550 102 32 vor
1515 1533 108 49 mir
1657 1562 74 6 —
1765 1532 94 51 für
1899 1531 104 52 den
2042 1531 360 66 Unkundigen

213 1624 97 46 gar
346 1605 147 52 nicht
532 1603 277 54 allzusehr
846 1604 430 53 unterschieden
1313 1605 136 52 nach
1487 1605 192 53 Größe
1717 1606 116 52 und
1868 1605 188 53 Form.
2095 1605 124 53 Und
2256 1607 145 51 doch:

216 1683 98 49 wie
348 1679 358 52 verschieden
739 1679 123 52 sind
896 1679 87 53 die
1016 1679 481 66 Vogelgestalten,
1531 1681 88 52 die
1653 1681 207 52 einmal
1896 1700 95 33 aus
2027 1679 186 55 diesen
2247 1682 155 49 Eiern

213 1755 108 51 sich
367 1754 329 52 entwickeln
742 1755 246 51 werden!
1036 1754 114 53 Aus
1195 1755 127 52 dem
1368 1758 166 49 einen
1577 1755 65 52 Ei
1688 1756 139 63 wird
1874 1758 123 49 eine
2042 1755 361 66 Ringeltaube

211 1828 314 66 schlüpfen,
575 1831 113 50 und
741 1830 89 50 ihr
879 1829 210 52 dunkel
1142 1828 303 54 lockender
1492 1830 117 52 Ruf
1660 1828 566 69 Gruh-ruh-grugruh
2275 1830 124 50 wird

215 1904 290 52 nächstens
534 1907 72 48 im
632 1903 272 67 Frühling
934 1904 167 52 durch
1133 1904 162 52 Wald
1322 1904 115 53 und
1463 1904 152 53 Park
1643 1904 313 67 erklingen.
1986 1904 136 52 Eine
2151 1904 250 52 Schleier-

213 1978 123 51 eule
371 1978 139 51 wird
546 1999 95 31 aus
677 1980 125 50 dem
835 1982 234 48 zweiten
1104 1979 63 51 Ei
1200 1979 500 63 hervorkommen,
1736 1980 88 52 die
1860 1978 303 54 nächtliche
2198 1977 204 52 Mäuse-

211 2054 217 64 Jägerin
475 2056 102 49 mit
623 2054 125 51 dem
795 2053 261 62 weichen,
1102 2053 341 53 wunderbar
1489 2054 119 52 fein
1655 2054 296 66 geperlten
1997 2052 259 52 Gefieder
2300 2051 102 51 und

216 2126 106 52 den
364 2130 209 63 großen
615 2127 394 68 Rätselaugen.
1047 2129 141 53 Eine
1228 2128 309 54 Blauracke
1580 2150 97 46 gar
1715 2130 141 52 wird
1899 2147 98 34 aus
2038 2128 126 51 dem
2205 2128 199 51 dritten

216 2204 61 51 Ei
312 2203 277 61 kriechen,
622 2206 158 62 jener
812 2203 196 66 Vogel,
1042 2205 195 52 dessen
1273 2206 245 64 tropisch
1552 2203 400 66 buntfarbiges
1985 2202 166 52 Kleid
2184 2202 222 50 Meister

218 2275 263 54 Albrecht
542 2278 186 51 Dürer
789 2279 96 50 auf
945 2281 182 50 einem
1187 2282 186 49 seiner
1433 2279 511 66 unvergänglichen
2004 2276 218 52 Blätter
2282 2276 124 49 fest-

218 2351 262 64 gehalten
508 2352 114 52 hat.
651 2352 218 52 Welche
898 2353 204 51 Kräfte
1130 2353 125 52 sind
1286 2374 76 43 es,
1390 2355 91 52 die
1513 2374 95 33 aus
1638 2354 110 52 den
1778 2354 112 51 fast
1916 2351 177 69 gleich
2122 2349 283 55 aussehen-

218 2394 104 83 den
360 2425 170 52 Eiern
567 2446 59 32 so
666 2428 394 52 verschiedene
1099 2428 200 52 Wesen
1337 2428 299 53 entstehen
1676 2428 217 53 lassen?
1931 2425 121 54 Wie
2091 2425 211 52 kommt
2341 2443 67 32 es,

220 2500 105 52 daß
370 2522 95 31 aus
510 2501 124 52 dem
678 2502 292 52 Hühnerei
1015 2506 197 49 immer
1252 2504 213 51 wieder
1508 2507 90 49 ein
1640 2503 174 53 Huhn
1856 2501 176 53 wird?
2077 2501 127 51 Was
2247 2501 67 48 ist
2359 2516 49 30 es

217 2578 101 49 mit
358 2578 159 62 jener
558 2577 383 52 sonderbaren
981 2577 184 53 Macht
1208 2577 98 53 der
1347 2578 358 67 Vererbung,
1747 2577 88 52 die
1877 2574 262 62 bewirkt,
2180 2572 105 54 daß
2328 2571 81 49 die

219 2649 415 54 Nachkommen
675 2652 160 51 ihren
874 2652 196 53 Eltern
1110 2655 199 50 immer
1347 2653 211 53 wieder
1597 2654 58 51 in
1695 2653 107 52 den
1841 2651 213 67 großen
2093 2650 185 63 Zügen
2319 2645 90 49 der

220 2726 244 50 äußeren
506 2724 395 68 Erscheinung,
942 2729 87 50 oft
1070 2748 164 45 sogar
1272 2731 56 49 in
1372 2729 105 51 den
1518 2727 284 53 kleinsten
1843 2726 117 52 und
2000 2685 409 108 lächerlichsten

220 2799 382 53 Einzelheiten
634 2821 58 31 so
725 2802 214 53 ähnlich
972 2802 158 53 sind?

292 2873 421 56 Jahrhunderte
766 2876 270 53 hindurch
1089 2876 182 52 haben
1325 2878 87 51 die
1465 2877 273 53 Forscher
1794 2897 68 32 an
1917 2875 211 53 diesem
2179 2869 233 78 Lebens-

218 2950 231 52 wunder
476 2951 97 51 der
596 2951 336 67 Vererbung
956 2951 493 67 herumgerätselt.
1476 2952 177 53 Schon
1681 2952 96 53 das
1802 2951 163 53 Wort
1990 2945 422 64 „Ver-erbung”

221 3037 118 51 sagt
375 3046 55 31 es
464 3028 72 61 ja.
571 3046 90 31 um
696 3046 109 33 was
841 3047 56 31 es
933 3028 151 63 geht:
1122 2997 70 84 Es
1226 3029 133 51 muß
1396 3035 178 45 etwas
1605 3028 67 51 da
1708 3029 139 59 sein,
1880 3043 113 34 was
2028 3022 78 54 als
2140 3021 164 57 Erbe,
2340 3016 72 52 als

221 3066 214 98 Erbaut
477 3120 107 31 von
624 3101 176 52 Vater
841 3069 119 84 and
995 3102 218 52 Mutter
1256 3102 97 52 auf
1396 3102 88 52 die
1525 3101 240 61 Kinder,
1806 3120 110 32 von
1959 3098 190 53 diesen
2192 3095 96 52 auf
2329 3091 83 51 die

221 3173 178 52 Enkel
425 3174 113 52 und
566 3196 58 31 so
653 3176 117 52 fort
797 3196 109 32 von
934 3176 348 53 Generation
1309 3198 67 31 zu
1404 3176 352 59 Generation
1782 3170 452 70 weitergegeben
2261 3164 150 55 wird.

1299 3327 31 51 2
