2481 3508
141 248 421 56 unerkennbar
598 253 114 52 und
747 253 411 63 unentwickelt,
1194 274 59 34 so
1290 256 133 52 doch
1459 258 331 64 wenigstens
1828 256 96 52 der
1958 254 180 54 Masse
2173 253 154 59 nach,

163 322 327 54 vorhanden
523 328 91 58 ist,
647 346 59 33 so
742 328 71 51 ist
848 348 56 31 es
941 346 135 47 ganz
1113 328 315 62 rätselhaft,
1461 331 102 49 wie
1597 332 57 47 in
1688 329 98 51 der
1819 330 268 63 winzigen
2125 324 199 53 Eizelle

164 408 141 40 etwa
353 400 150 51 eines
551 399 348 65 Säugetieres
947 402 95 51 das
1089 420 170 47 ganze
1300 406 225 61 spätere
1569 402 131 51 Tier
1742 401 220 53 stecken
2006 400 124 61 soll,
2174 399 153 59 oder,

164 490 164 32 wenn
353 471 133 51 auch
512 471 147 53 nicht
687 471 95 54 das
807 473 129 52 Tier
961 473 191 61 selbst,
1177 492 59 33 so
1264 474 133 51 doch
1424 476 117 50 sein
1569 473 299 66 „Erbgut“.
1893 473 105 51 Die
2025 472 301 53 Gelehrten

166 559 384 51 vergangener
590 544 420 56 Jahrhunderte
1049 545 181 53 haben
1271 547 107 51 sich
1420 546 144 59 denn
1606 546 139 63 auch
1779 545 145 51 nicht
1965 544 231 52 schlecht
2236 563 92 32 um

168 615 179 55 dieses
380 619 172 65 große
582 617 265 53 Problem
880 621 311 63 gestritten.
1235 619 92 51 Die
1363 622 156 54 einen
1552 620 263 58 meinten,
1846 621 55 47 in
1934 615 97 53 der
2062 618 266 63 winzigen

166 689 211 55 Eizelle
411 690 181 53 stecke
627 691 319 53 tatsächlich
976 692 102 52 das
1113 695 220 61 spätere
1367 692 130 51 Tier
1526 691 296 65 gleichsam
1857 689 471 65 eingeschachtelt.

170 762 64 57 Ja
269 792 76 39 —
383 763 134 52 aber
553 784 85 32 wo
678 764 209 52 steckte
927 764 158 51 dann
1114 764 87 51 die
1239 762 459 66 vorhergehende
1738 762 342 53 Generation
2117 764 101 48 mit
2259 759 71 52 all

135 880 7 5 .
171 835 107 53 den
328 835 448 68 Eigenschaften,
824 837 94 53 die
966 840 82 50 sie
1098 837 109 51 den
1256 836 414 52 Nachkommen
1720 833 257 53 vererbt?
2026 833 72 53 Es
2149 834 180 51 schien

171 907 165 54 keine
386 909 207 52 andere
640 909 223 65 Lösung
908 929 67 32 zu
1022 909 195 65 geben:
1269 909 149 51 Auch
1452 909 104 61 die
1602 906 269 52 früheren
1918 905 412 52 Generationen

137 982 268 51 "mußten
438 985 57 48 in
528 983 100 52 der
659 984 164 50 einen
853 982 209 53 Eizelle
1094 983 308 66 verborgen
1437 986 136 58 sein,
1605 984 208 52 sowohl
1846 984 90 51 die
1969 981 364 53 Großmutter

172 1057 101 49 wie
306 1054 88 52 die
424 1054 440 65 Urgroßmutter
893 1055 114 52 und
1039 1055 105 53 alle
1175 1054 196 52 Ahnen
1403 1055 201 51 zurück
1632 1055 83 52 bis
1748 1075 67 31 an
1848 1054 103 52 den
1981 1054 222 65 Anfang
2235 1054 98 50 der

173 1124 165 63 Welt,
377 1127 66 51 da
480 1147 127 33 zum
643 1140 185 39 ersten
864 1127 114 51 Mal
1017 1126 94 54 das
1148 1126 350 54 betreffende
1534 1127 149 51 Tier-
1721 1126 136 67 oder
1891 1126 441 51 Pflanzenwesen

173 1200 333 51 entstanden
537 1221 130 31 war.
698 1200 227 52 Andere
954 1200 268 51 Forscher
1252 1200 100 52 der
1380 1195 450 70 Vergangenheit
1859 1198 249 51 machten
2139 1218 54 31 es
2227 1197 104 52 sich

174 1271 254 63 leichter;
467 1275 78 50 sie
584 1272 399 65 behaupteten,
1022 1271 195 52 sobald
1253 1275 75 48 im
1367 1272 169 50 Huhn
1575 1271 93 52 das
1706 1271 65 51 Ei
1809 1271 107 51 sich
1957 1289 65 32 zu
2062 1270 271 51 entfalten

174 1344 261 67 beginne,
472 1346 324 51 wanderten
836 1366 95 31 aus
971 1345 146 51 allen
1154 1343 399 67 Körperteilen
1591 1345 94 50 des
1722 1342 381 52 Muttertieres
2141 1341 191 66 gleich-

175 1437 117 34 sam
327 1421 232 63 winzige
595 1417 273 52 Abbilder
899 1417 157 65 jedes
1090 1419 185 49 seiner
1308 1417 219 64 Organe
1560 1447 72 6 —
1667 1416 93 51 des
1796 1414 182 64 Auges
2013 1417 101 48 mit
2148 1416 186 48 seinen

178 1491 181 53 vielen
381 1491 391 61 Einzelteilen,
791 1491 106 51 der
917 1490 163 59 Nase,
1101 1490 104 52 der
1224 1490 208 65 Lunge,
1456 1490 94 50 des
1574 1487 246 52 Herzens
1841 1516 73 6 —
1934 1489 58 48 in
2016 1486 88 52 die
2128 1484 207 52 Eizelle

177 1565 211 51 hinein.
421 1565 165 51 Diese
621 1564 277 52 Abbilder
930 1562 227 51 würden
1191 1562 149 51 dann
1377 1562 77 51 als
1488 1560 211 69 Erbgut
1732 1557 457 66 weitergegeben,
2221 1555 115 52 und

178 1640 75 48 im
302 1637 179 51 Laufe
532 1636 95 52 des
678 1636 342 52 Wachstums
1073 1634 234 66 gestalte
1359 1633 93 51 das
1503 1652 141 32 neue
1696 1629 316 54 Hühnchen
2047 1629 133 52 nach
2234 1628 102 50 den

180 1705 302 64 „Bildern“
520 1712 151 49 seine
711 1709 220 63 Organe
971 1728 112 32 aus.

252 1805 288 54 Natürlich
579 1806 225 51 wußten
846 1806 85 50 die
974 1804 285 66 gelehrten
1300 1805 217 51 Herren
1556 1824 102 32 vor
1696 1802 378 53 zweihundert
2115 1802 223 58 Jahren,

182 1880 107 51 daß
316 1900 56 31 es
398 1879 181 52 neben
607 1880 98 51 der
732 1880 196 50 Henne
957 1877 129 51 auch
1116 1879 150 51 eines
1293 1876 224 52 Hahnes
1543 1876 283 66 bedurfte,
1850 1894 160 32 wenn
2037 1894 94 33 aus
2160 1877 178 49 einem

181 1953 64 52 Ei
274 1956 107 49 ein
425 1972 172 32 neues
642 1950 334 53 Lebewesen
1022 1948 386 66 hervorgehen
1454 1948 177 53 sollte.
1678 1948 79 51 Im
1803 1947 274 52 Tierreich
2124 1967 113 31 war
2283 1964 57 34 es

183 2025 292 65 durchweg
500 2045 77 40 so,
606 2024 106 51 daß
738 2023 91 52 bei
855 2023 98 50 der
979 2022 353 64 Weitergabe
1360 2021 93 51 des
1480 2019 215 53 Lebens
1724 2039 65 31 an
1817 2019 85 51 die
1929 2018 411 52 Nachkommen

182 2102 89 48 ein
307 2097 338 52 männliches
680 2096 113 51 und
829 2099 88 48 ein
952 2094 311 53 weibliches
1299 2093 197 51 Wesen
1533 2089 528 54 zusammenwirken
2096 2090 243 51 mußten.

182 2170 70 55 Es
291 2191 116 31 war
432 2173 138 65 eine
613 2170 98 51 der
752 2167 209 66 großen
1002 2167 334 64 Leistungen
1379 2165 97 50 der
1515 2162 409 59 Wissenschaft,
1966 2163 90 54 als,
2084 2160 257 54 deutsche

182 2244 270 52 Forscher
477 2241 295 61 bewiesen,
801 2241 105 51 daß
934 2260 56 32 es
1020 2239 128 51 auch
1177 2238 91 51 bei
1296 2238 101 51 den
1424 2237 258 51 Pflanzen
1709 2234 279 52 weibliche
2015 2234 113 52 und
2155 2238 186 47 männ-

182 2317 138 52 liche
368 2316 289 51 Elemente
707 2312 120 67 gab.
876 2312 62 52 In
988 2312 99 51 der
1133 2311 164 52 Blüte
1344 2312 71 50 ist
1464 2309 97 51 der
1607 2307 416 53 Fruchtknoten
2070 2308 100 49 mit
2220 2305 122 52 dem

183 2389 247 64 Stempel
478 2387 98 52 der
621 2385 284 53 weibliche
951 2384 119 63 Teil
1117 2383 98 52 der
1259 2383 221 51 Pflanze
1526 2380 113 52 und
1685 2379 301 65 entspricht
2033 2390 139 41 etwa
2220 2377 123 51 dem

184 2462 187 60 Huhn,
408 2461 105 67 der
556 2459 158 66 gelbe
757 2455 370 54 Blütenstaub
1167 2485 73 7 —
1281 2454 130 52 auch
1452 2452 194 53 Pollen
1689 2461 242 55 genannt
1968 2480 88 30 —,
2100 2450 102 59 den
2246 2448 98 51 der

186 2535 164 51 Wind
386 2537 57 48 in
480 2532 270 65 goldenen
787 2529 237 52 Wolken
1060 2548 108 31 von
1208 2526 103 53 den
1347 2524 495 53 Haselsträuchern
1879 2522 135 51 oder
2052 2521 86 52 die
2175 2521 169 58 Hum-

184 2609 149 52 meln
374 2606 116 53 und
531 2606 210 51 Bienen
785 2623 107 31 von
938 2599 102 55 den
1083 2600 233 51 Blumen
1357 2599 390 62 herantragen,
1789 2598 69 49 ist
1901 2594 98 50 der
2040 2592 304 63 männliche

185 2680 304 66 Gegenpol.
534 2678 133 51 Man
711 2688 176 40 nennt
931 2678 127 61 jene
1103 2672 204 60 Zellen,
1355 2691 94 31 aus
1497 2670 175 51 denen
1719 2668 131 51 alles
1896 2671 219 59 spätere
2160 2664 184 52 Leben

185 2752 337 67 entsprießt,
547 2748 371 54 Keimzellen:
948 2745 249 53 Eizellen
1226 2745 89 51 die
1343 2742 342 61 weiblichen,
1712 2741 89 51 die
1827 2743 78 48 im
1932 2738 415 51 Fruchtknoten

187 2828 98 53 der
326 2826 166 52 Blüte
535 2823 137 53 oder
712 2826 76 48 im
828 2819 135 53 Leib
1009 2819 94 52 des
1144 2816 388 52 Muttertieres
1575 2813 276 65 geborgen
1891 2811 197 63 liegen,
2130 2808 216 53 Samen-

185 2900 178 52 zellen
397 2899 88 52 die
517 2895 363 53 männlichen.
913 2891 129 54 Und
1070 2892 104 49 wie
1208 2888 95 53 das
1336 2886 341 54 Pollenkorn
1711 2885 96 51 auf
1840 2883 102 52 den
1976 2881 244 64 Stempel
2254 2880 93 51 des

187 2971 449 58 Fruchtknotens
674 2968 267 66 gelangen
978 2964 114 52 und
1127 2962 108 52 sich
1273 2981 108 31 von
1419 2960 125 51 dort
1583 2978 95 32 aus
1715 2950 101 88 mit
1847 2955 104 67 der
1987 2954 205 52 Eizelle
2228 2960 119 43 ver-

188 3049 219 64 einigen
432 3044 152 60 muß,
611 3063 59 31 so
699 3043 220 50 müssen
948 3038 108 52 sich
1085 3035 131 52 auch
1244 3035 90 51 bei
1363 3032 141 52 allen
1532 3032 200 51 Tieren
1757 3026 205 55 Eizelle
1990 3026 114 51 und
2130 3026 218 52 Samen-

186 3120 138 52 zelle
370 3104 342 71 verbinden,
748 3114 96 51 auf
893 3110 105 52 daß
1045 3126 170 35 neues
1263 3106 186 61 Leben
1496 3102 261 64 entsteht.
1805 3100 130 52 Wer
1979 3099 215 52 freilich
2242 3116 106 32 von

187 3186 201 69 beiden
418 3191 95 52 das
541 3188 215 66 Erbgut
786 3190 149 62 trägt
960 3214 73 7 —
1060 3181 88 52 die
1177 3181 237 65 größere
1443 3175 256 68 kugelige
1726 3173 206 53 Eizelle
1961 3171 136 54 oder
2127 3171 86 51 die
2243 3169 107 52 viel

1256 3329 34 49 4
