<?xml version="1.0" encoding="UTF-8"?>
<alto xmlns="http://www.loc.gov/standards/alto/ns-v3#" xmlns:xlink="http://www.w3.org/1999/xlink" xmlns:xsi="http://www.w3.org/2001/XMLSchema-instance" xsi:schemaLocation="http://www.loc.gov/standards/alto/ns-v3# http://www.loc.gov/alto/v3/alto-3-0.xsd">
	<Description>
		<MeasurementUnit>pixel</MeasurementUnit>
		<sourceImageInformation>
			<fileName>page_0007007.jpg</fileName>
		</sourceImageInformation>
		<OCRProcessing ID="OCR_0">
			<ocrProcessingStep>
				<processingSoftware>
					<softwareName>tesseract 5.3.4</softwareName>
				</processingSoftware>
			</ocrProcessingStep>
		</OCRProcessing>
	</Description>
	<Layout>
		<Page WIDTH="2481" HEIGHT="3508" PHYSICAL_IMG_NR="0" ID="page_0007">
			<PrintSpace HPOS="0" VPOS="0" WIDTH="2481" HEIGHT="3508">
				<ComposedBlock ID="cblock_0" HPOS="113" VPOS="195" WIDTH="2219" HEIGHT="3063">
					<TextBlock ID="block_0" HPOS="113" VPOS="195" WIDTH="2207" HEIGHT="730">
						<TextLine ID="line_0" HPOS="113" VPOS="195" WIDTH="2204" HEIGHT="73">
							<String ID="string_0" HPOS="113" VPOS="200" WIDTH="176" HEIGHT="54" WC="0.95" CONTENT="Schon"/><SP WIDTH="42" VPOS="200" HPOS="289"/>
							<String ID="string_1" HPOS="331" VPOS="201" WIDTH="89" HEIGHT="54" WC="0.96" CONTENT="die"/><SP WIDTH="40" VPOS="201" HPOS="420"/>
							<String ID="string_2" HPOS="460" VPOS="201" WIDTH="325" HEIGHT="54" WC="0.95" CONTENT="Gelehrten"/><SP WIDTH="25" VPOS="201" HPOS="785"/>
							<String ID="string_3" HPOS="810" VPOS="220" WIDTH="388" HEIGHT="48" WC="0.96" CONTENT="vergangener"/><SP WIDTH="38" VPOS="220" HPOS="1198"/>
							<String ID="string_4" HPOS="1236" VPOS="202" WIDTH="196" HEIGHT="51" WC="0.96" CONTENT="Zeiten"/><SP WIDTH="40" VPOS="202" HPOS="1432"/>
							<String ID="string_5" HPOS="1472" VPOS="199" WIDTH="182" HEIGHT="53" WC="0.95" CONTENT="haben"/><SP WIDTH="41" VPOS="199" HPOS="1654"/>
							<String ID="string_6" HPOS="1695" VPOS="198" WIDTH="110" HEIGHT="54" WC="0.95" CONTENT="sich"/><SP WIDTH="42" VPOS="198" HPOS="1805"/>
							<String ID="string_7" HPOS="1847" VPOS="197" WIDTH="84" HEIGHT="52" WC="0.96" CONTENT="oft"/><SP WIDTH="44" VPOS="197" HPOS="1931"/>
							<String ID="string_8" HPOS="1975" VPOS="196" WIDTH="116" HEIGHT="53" WC="0.95" CONTENT="und"/><SP WIDTH="37" VPOS="196" HPOS="2091"/>
							<String ID="string_9" HPOS="2128" VPOS="195" WIDTH="189" HEIGHT="66" WC="0.96" CONTENT="häufig"/>
						</TextLine>
						<TextLine ID="line_1" HPOS="114" VPOS="272" WIDTH="2205" HEIGHT="71">
							<String ID="string_10" HPOS="114" VPOS="275" WIDTH="110" HEIGHT="54" WC="0.96" CONTENT="den"/><SP WIDTH="39" VPOS="275" HPOS="224"/>
							<String ID="string_11" HPOS="263" VPOS="275" WIDTH="161" HEIGHT="68" WC="0.96" CONTENT="Kopf"/><SP WIDTH="42" VPOS="275" HPOS="424"/>
							<String ID="string_12" HPOS="466" VPOS="276" WIDTH="248" HEIGHT="52" WC="0.93" CONTENT="darüber"/><SP WIDTH="35" VPOS="276" HPOS="714"/>
							<String ID="string_13" HPOS="749" VPOS="276" WIDTH="364" HEIGHT="62" WC="0.91" CONTENT="zerbrochen,"/><SP WIDTH="41" VPOS="276" HPOS="1113"/>
							<String ID="string_14" HPOS="1154" VPOS="296" WIDTH="83" HEIGHT="32" WC="0.95" CONTENT="wo"/><SP WIDTH="44" VPOS="296" HPOS="1237"/>
							<String ID="string_15" HPOS="1281" VPOS="275" WIDTH="148" HEIGHT="52" WC="0.96" CONTENT="wohl"/><SP WIDTH="43" VPOS="275" HPOS="1429"/>
							<String ID="string_16" HPOS="1472" VPOS="275" WIDTH="99" HEIGHT="52" WC="0.95" CONTENT="das"/><SP WIDTH="41" VPOS="275" HPOS="1571"/>
							<String ID="string_17" HPOS="1612" VPOS="273" WIDTH="216" HEIGHT="66" WC="0.95" CONTENT="Erbgut"/><SP WIDTH="43" VPOS="273" HPOS="1828"/>
							<String ID="string_18" HPOS="1871" VPOS="272" WIDTH="223" HEIGHT="52" WC="0.96" CONTENT="stecken"/><SP WIDTH="41" VPOS="272" HPOS="2094"/>
							<String ID="string_19" HPOS="2135" VPOS="275" WIDTH="184" HEIGHT="61" WC="0.96" CONTENT="möge,"/>
						</TextLine>
						<TextLine ID="line_2" HPOS="115" VPOS="343" WIDTH="2201" HEIGHT="65">
							<String ID="string_20" HPOS="115" VPOS="350" WIDTH="96" HEIGHT="54" WC="0.96" CONTENT="das"/><SP WIDTH="47" VPOS="350" HPOS="211"/>
							<String ID="string_21" HPOS="258" VPOS="350" WIDTH="152" HEIGHT="54" WC="0.96" CONTENT="diese"/><SP WIDTH="47" VPOS="350" HPOS="410"/>
							<String ID="string_22" HPOS="457" VPOS="344" WIDTH="360" HEIGHT="58" WC="0.96" CONTENT="Ähnlichkeit"/><SP WIDTH="46" VPOS="344" HPOS="817"/>
							<String ID="string_23" HPOS="863" VPOS="371" WIDTH="111" HEIGHT="31" WC="0.95" CONTENT="von"/><SP WIDTH="45" VPOS="371" HPOS="974"/>
							<String ID="string_24" HPOS="1019" VPOS="349" WIDTH="346" HEIGHT="55" WC="0.95" CONTENT="Großeltern"/><SP WIDTH="45" VPOS="349" HPOS="1365"/>
							<String ID="string_25" HPOS="1410" VPOS="370" WIDTH="66" HEIGHT="31" WC="0.96" CONTENT="zu"/><SP WIDTH="48" VPOS="370" HPOS="1476"/>
							<String ID="string_26" HPOS="1524" VPOS="348" WIDTH="216" HEIGHT="60" WC="0.96" CONTENT="Eltern,"/><SP WIDTH="45" VPOS="348" HPOS="1740"/>
							<String ID="string_27" HPOS="1785" VPOS="367" WIDTH="67" HEIGHT="32" WC="0.96" CONTENT="zu"/><SP WIDTH="47" VPOS="367" HPOS="1852"/>
							<String ID="string_28" HPOS="1899" VPOS="345" WIDTH="258" HEIGHT="53" WC="0.96" CONTENT="Kindern"/><SP WIDTH="45" VPOS="345" HPOS="2157"/>
							<String ID="string_29" HPOS="2202" VPOS="343" WIDTH="114" HEIGHT="52" WC="0.96" CONTENT="und"/>
						</TextLine>
						<TextLine ID="line_3" HPOS="114" VPOS="418" WIDTH="2204" HEIGHT="73">
							<String ID="string_30" HPOS="114" VPOS="425" WIDTH="467" HEIGHT="53" WC="0.91" CONTENT="Kindeskindern"/><SP WIDTH="25" VPOS="425" HPOS="581"/>
							<String ID="string_31" HPOS="606" VPOS="425" WIDTH="260" HEIGHT="66" WC="0.96" CONTENT="bewirkt,"/><SP WIDTH="26" VPOS="425" HPOS="866"/>
							<String ID="string_32" HPOS="892" VPOS="425" WIDTH="114" HEIGHT="52" WC="0.96" CONTENT="und"/><SP WIDTH="29" VPOS="425" HPOS="1006"/>
							<String ID="string_33" HPOS="1035" VPOS="428" WIDTH="79" HEIGHT="49" WC="0.96" CONTENT="sie"/><SP WIDTH="29" VPOS="428" HPOS="1114"/>
							<String ID="string_34" HPOS="1143" VPOS="424" WIDTH="236" HEIGHT="53" WC="0.96" CONTENT="dachten"/><SP WIDTH="29" VPOS="424" HPOS="1379"/>
							<String ID="string_35" HPOS="1408" VPOS="424" WIDTH="134" HEIGHT="51" WC="0.95" CONTENT="auch"/><SP WIDTH="27" VPOS="424" HPOS="1542"/>
							<String ID="string_36" HPOS="1569" VPOS="422" WIDTH="167" HEIGHT="53" WC="0.96" CONTENT="schon"/><SP WIDTH="27" VPOS="422" HPOS="1736"/>
							<String ID="string_37" HPOS="1763" VPOS="420" WIDTH="248" HEIGHT="54" WC="0.96" CONTENT="darüber"/><SP WIDTH="25" VPOS="420" HPOS="2011"/>
							<String ID="string_38" HPOS="2036" VPOS="420" WIDTH="156" HEIGHT="61" WC="0.96" CONTENT="nach,"/><SP WIDTH="29" VPOS="420" HPOS="2192"/>
							<String ID="string_39" HPOS="2221" VPOS="418" WIDTH="97" HEIGHT="53" WC="0.96" CONTENT="auf"/>
						</TextLine>
						<TextLine ID="line_4" HPOS="113" VPOS="493" WIDTH="2205" HEIGHT="71">
							<String ID="string_40" HPOS="113" VPOS="498" WIDTH="203" HEIGHT="55" WC="0.96" CONTENT="welche"/><SP WIDTH="46" VPOS="498" HPOS="316"/>
							<String ID="string_41" HPOS="362" VPOS="498" WIDTH="184" HEIGHT="55" WC="0.96" CONTENT="Weise"/><SP WIDTH="46" VPOS="498" HPOS="546"/>
							<String ID="string_42" HPOS="592" VPOS="498" WIDTH="153" HEIGHT="54" WC="0.96" CONTENT="diese"/><SP WIDTH="44" VPOS="498" HPOS="745"/>
							<String ID="string_43" HPOS="789" VPOS="493" WIDTH="361" HEIGHT="58" WC="0.96" CONTENT="Ähnlichkeit"/><SP WIDTH="44" VPOS="493" HPOS="1150"/>
							<String ID="string_44" HPOS="1194" VPOS="497" WIDTH="480" HEIGHT="67" WC="0.96" CONTENT="hervorgebracht"/><SP WIDTH="41" VPOS="497" HPOS="1674"/>
							<String ID="string_45" HPOS="1715" VPOS="494" WIDTH="216" HEIGHT="63" WC="0.96" CONTENT="werde;"/><SP WIDTH="44" VPOS="494" HPOS="1931"/>
							<String ID="string_46" HPOS="1975" VPOS="495" WIDTH="88" HEIGHT="51" WC="0.96" CONTENT="oft"/><SP WIDTH="44" VPOS="495" HPOS="2063"/>
							<String ID="string_47" HPOS="2107" VPOS="494" WIDTH="211" HEIGHT="52" WC="0.96" CONTENT="scheint"/>
						</TextLine>
						<TextLine ID="line_5" HPOS="116" VPOS="568" WIDTH="2201" HEIGHT="72">
							<String ID="string_48" HPOS="116" VPOS="574" WIDTH="95" HEIGHT="53" WC="0.96" CONTENT="das"/><SP WIDTH="46" VPOS="574" HPOS="211"/>
							<String ID="string_49" HPOS="257" VPOS="574" WIDTH="217" HEIGHT="66" WC="0.96" CONTENT="Erbgut"/><SP WIDTH="45" VPOS="574" HPOS="474"/>
							<String ID="string_50" HPOS="519" VPOS="574" WIDTH="236" HEIGHT="52" WC="0.96" CONTENT="nämlich"/><SP WIDTH="48" VPOS="574" HPOS="755"/>
							<String ID="string_51" HPOS="803" VPOS="577" WIDTH="56" HEIGHT="48" WC="0.96" CONTENT="in"/><SP WIDTH="48" VPOS="577" HPOS="859"/>
							<String ID="string_52" HPOS="907" VPOS="573" WIDTH="277" HEIGHT="67" WC="0.96" CONTENT="geradezu"/><SP WIDTH="46" VPOS="573" HPOS="1184"/>
							<String ID="string_53" HPOS="1230" VPOS="571" WIDTH="409" HEIGHT="53" WC="0.95" CONTENT="wunderbarer"/><SP WIDTH="46" VPOS="571" HPOS="1639"/>
							<String ID="string_54" HPOS="1685" VPOS="570" WIDTH="185" HEIGHT="53" WC="0.95" CONTENT="Weise"/><SP WIDTH="49" VPOS="570" HPOS="1870"/>
							<String ID="string_55" HPOS="1919" VPOS="588" WIDTH="172" HEIGHT="46" WC="0.92" CONTENT="ganze"/><SP WIDTH="48" VPOS="588" HPOS="2091"/>
							<String ID="string_56" HPOS="2139" VPOS="568" WIDTH="178" HEIGHT="52" WC="0.91" CONTENT="Gene-"/>
						</TextLine>
						<TextLine ID="line_6" HPOS="116" VPOS="642" WIDTH="2203" HEIGHT="72">
							<String ID="string_57" HPOS="116" VPOS="651" WIDTH="259" HEIGHT="51" WC="0.91" CONTENT="rationen"/><SP WIDTH="32" VPOS="651" HPOS="375"/>
							<String ID="string_58" HPOS="407" VPOS="669" WIDTH="68" HEIGHT="32" WC="0.96" CONTENT="zu"/><SP WIDTH="31" VPOS="669" HPOS="475"/>
							<String ID="string_59" HPOS="506" VPOS="648" WIDTH="430" HEIGHT="66" WC="0.96" CONTENT="überspringen,"/><SP WIDTH="33" VPOS="648" HPOS="936"/>
							<String ID="string_60" HPOS="969" VPOS="648" WIDTH="148" HEIGHT="52" WC="0.96" CONTENT="dann"/><SP WIDTH="34" VPOS="648" HPOS="1117"/>
							<String ID="string_61" HPOS="1151" VPOS="647" WIDTH="135" HEIGHT="53" WC="0.96" CONTENT="aber"/><SP WIDTH="31" VPOS="647" HPOS="1286"/>
							<String ID="string_62" HPOS="1317" VPOS="647" WIDTH="117" HEIGHT="52" WC="0.96" CONTENT="läßt"/><SP WIDTH="35" VPOS="647" HPOS="1434"/>
							<String ID="string_63" HPOS="1469" VPOS="667" WIDTH="56" HEIGHT="33" WC="0.96" CONTENT="es"/><SP WIDTH="34" VPOS="667" HPOS="1525"/>
							<String ID="string_64" HPOS="1559" VPOS="647" WIDTH="97" HEIGHT="52" WC="0.96" CONTENT="auf"/><SP WIDTH="32" VPOS="647" HPOS="1656"/>
							<String ID="string_65" HPOS="1688" VPOS="644" WIDTH="204" HEIGHT="53" WC="0.96" CONTENT="einmal"/><SP WIDTH="35" VPOS="644" HPOS="1892"/>
							<String ID="string_66" HPOS="1927" VPOS="644" WIDTH="106" HEIGHT="52" WC="0.93" CONTENT="den"/><SP WIDTH="33" VPOS="644" HPOS="2033"/>
							<String ID="string_67" HPOS="2066" VPOS="642" WIDTH="253" HEIGHT="54" WC="0.92" CONTENT="Urenkel"/>
						</TextLine>
						<TextLine ID="line_7" HPOS="116" VPOS="718" WIDTH="2204" HEIGHT="72">
							<String ID="string_68" HPOS="116" VPOS="724" WIDTH="124" HEIGHT="52" WC="0.93" CONTENT="aufs"/><SP WIDTH="49" VPOS="724" HPOS="240"/>
							<String ID="string_69" HPOS="289" VPOS="723" WIDTH="449" HEIGHT="53" WC="0.92" CONTENT="verblüffendste"/><SP WIDTH="50" VPOS="723" HPOS="738"/>
							<String ID="string_70" HPOS="788" VPOS="723" WIDTH="126" HEIGHT="53" WC="0.93" CONTENT="dem"/><SP WIDTH="48" VPOS="723" HPOS="914"/>
							<String ID="string_71" HPOS="962" VPOS="722" WIDTH="197" HEIGHT="53" WC="0.92" CONTENT="Urahn"/><SP WIDTH="49" VPOS="722" HPOS="1159"/>
							<String ID="string_72" HPOS="1208" VPOS="720" WIDTH="262" HEIGHT="70" WC="0.96" CONTENT="gleichen."/><SP WIDTH="51" VPOS="720" HPOS="1470"/>
							<String ID="string_73" HPOS="1521" VPOS="721" WIDTH="105" HEIGHT="52" WC="0.95" CONTENT="Die"/><SP WIDTH="50" VPOS="721" HPOS="1626"/>
							<String ID="string_74" HPOS="1676" VPOS="719" WIDTH="447" HEIGHT="66" WC="0.93" CONTENT="Bildergalerien"/><SP WIDTH="39" VPOS="719" HPOS="2123"/>
							<String ID="string_75" HPOS="2162" VPOS="718" WIDTH="158" HEIGHT="61" WC="0.92" CONTENT=".alter"/>
						</TextLine>
						<TextLine ID="line_8" HPOS="117" VPOS="792" WIDTH="2203" HEIGHT="71">
							<String ID="string_76" HPOS="117" VPOS="796" WIDTH="270" HEIGHT="54" WC="0.94" CONTENT="Familien"/><SP WIDTH="31" VPOS="796" HPOS="387"/>
							<String ID="string_77" HPOS="418" VPOS="797" WIDTH="191" HEIGHT="53" WC="0.95" CONTENT="bieten"/><SP WIDTH="31" VPOS="797" HPOS="609"/>
							<String ID="string_78" HPOS="640" VPOS="798" WIDTH="144" HEIGHT="53" WC="0.96" CONTENT="viele"/><SP WIDTH="32" VPOS="798" HPOS="784"/>
							<String ID="string_79" HPOS="816" VPOS="796" WIDTH="280" HEIGHT="67" WC="0.96" CONTENT="Beispiele"/><SP WIDTH="34" VPOS="796" HPOS="1096"/>
							<String ID="string_80" HPOS="1130" VPOS="797" WIDTH="94" HEIGHT="52" WC="0.96" CONTENT="für"/><SP WIDTH="33" VPOS="797" HPOS="1224"/>
							<String ID="string_81" HPOS="1257" VPOS="797" WIDTH="151" HEIGHT="52" WC="0.92" CONTENT="diese"/><SP WIDTH="34" VPOS="797" HPOS="1408"/>
							<String ID="string_82" HPOS="1442" VPOS="793" WIDTH="533" HEIGHT="69" WC="0.92" CONTENT="Sprunghaftigkeit"/><SP WIDTH="35" VPOS="793" HPOS="1975"/>
							<String ID="string_83" HPOS="2010" VPOS="793" WIDTH="98" HEIGHT="52" WC="0.93" CONTENT="der"/><SP WIDTH="31" VPOS="793" HPOS="2108"/>
							<String ID="string_84" HPOS="2139" VPOS="792" WIDTH="181" HEIGHT="52" WC="0.89" CONTENT="Fami-"/>
						</TextLine>
						<TextLine ID="line_9" HPOS="116" VPOS="872" WIDTH="477" HEIGHT="53">
							<String ID="string_85" HPOS="116" VPOS="872" WIDTH="477" HEIGHT="53" WC="0.92" CONTENT="lienähnlichkeit."/>
						</TextLine>
					</TextBlock>
					<TextBlock ID="block_1" HPOS="113" VPOS="946" WIDTH="2219" HEIGHT="2073">
						<TextLine ID="line_10" HPOS="188" VPOS="946" WIDTH="2134" HEIGHT="66">
							<String ID="string_86" HPOS="188" VPOS="946" WIDTH="106" HEIGHT="52" WC="0.95" CONTENT="Die"/><SP WIDTH="38" VPOS="946" HPOS="294"/>
							<String ID="string_87" HPOS="332" VPOS="946" WIDTH="174" HEIGHT="54" WC="0.96" CONTENT="Suche"/><SP WIDTH="37" VPOS="946" HPOS="506"/>
							<String ID="string_88" HPOS="543" VPOS="947" WIDTH="136" HEIGHT="52" WC="0.95" CONTENT="nach"/><SP WIDTH="41" VPOS="947" HPOS="679"/>
							<String ID="string_89" HPOS="720" VPOS="946" WIDTH="126" HEIGHT="53" WC="0.96" CONTENT="dem"/><SP WIDTH="37" VPOS="946" HPOS="846"/>
							<String ID="string_90" HPOS="883" VPOS="946" WIDTH="217" HEIGHT="66" WC="0.96" CONTENT="Erbgut"/><SP WIDTH="37" VPOS="946" HPOS="1100"/>
							<String ID="string_91" HPOS="1137" VPOS="947" WIDTH="193" HEIGHT="53" WC="0.96" CONTENT="wurde"/><SP WIDTH="39" VPOS="947" HPOS="1330"/>
							<String ID="string_92" HPOS="1369" VPOS="946" WIDTH="149" HEIGHT="53" WC="0.96" CONTENT="nicht"/><SP WIDTH="40" VPOS="946" HPOS="1518"/>
							<String ID="string_93" HPOS="1558" VPOS="947" WIDTH="304" HEIGHT="61" WC="0.89" CONTENT="einfacher,"/><SP WIDTH="41" VPOS="947" HPOS="1862"/>
							<String ID="string_94" HPOS="1903" VPOS="946" WIDTH="77" HEIGHT="54" WC="0.96" CONTENT="als"/><SP WIDTH="39" VPOS="946" HPOS="1980"/>
							<String ID="string_95" HPOS="2019" VPOS="968" WIDTH="103" HEIGHT="32" WC="0.96" CONTENT="vor"/><SP WIDTH="39" VPOS="968" HPOS="2122"/>
							<String ID="string_96" HPOS="2161" VPOS="946" WIDTH="161" HEIGHT="52" WC="0.96" CONTENT="mehr"/>
						</TextLine>
						<TextLine ID="line_11" HPOS="117" VPOS="1021" WIDTH="2204" HEIGHT="67">
							<String ID="string_97" HPOS="117" VPOS="1022" WIDTH="77" HEIGHT="52" WC="0.96" CONTENT="als"/><SP WIDTH="48" VPOS="1022" HPOS="194"/>
							<String ID="string_98" HPOS="242" VPOS="1021" WIDTH="248" HEIGHT="53" WC="0.96" CONTENT="hundert"/><SP WIDTH="48" VPOS="1021" HPOS="490"/>
							<String ID="string_99" HPOS="538" VPOS="1021" WIDTH="210" HEIGHT="57" WC="0.96" CONTENT="Jahren"/><SP WIDTH="51" VPOS="1021" HPOS="748"/>
							<String ID="string_100" HPOS="799" VPOS="1022" WIDTH="89" HEIGHT="52" WC="0.96" CONTENT="die"/><SP WIDTH="46" VPOS="1022" HPOS="888"/>
							<String ID="string_101" HPOS="934" VPOS="1021" WIDTH="323" HEIGHT="67" WC="0.96" CONTENT="Forschung"/><SP WIDTH="50" VPOS="1021" HPOS="1257"/>
							<String ID="string_102" HPOS="1307" VPOS="1022" WIDTH="87" HEIGHT="52" WC="0.96" CONTENT="die"/><SP WIDTH="51" VPOS="1022" HPOS="1394"/>
							<String ID="string_103" HPOS="1445" VPOS="1022" WIDTH="374" HEIGHT="53" WC="0.96" CONTENT="erstaunliche"/><SP WIDTH="49" VPOS="1022" HPOS="1819"/>
							<String ID="string_104" HPOS="1868" VPOS="1021" WIDTH="266" HEIGHT="54" WC="0.92" CONTENT="Tatsache"/><SP WIDTH="37" VPOS="1021" HPOS="2134"/>
							<String ID="string_105" HPOS="2171" VPOS="1016" WIDTH="150" HEIGHT="76" WC="0.91" CONTENT="fest-"/>
						</TextLine>
						<TextLine ID="line_12" HPOS="116" VPOS="1095" WIDTH="2205" HEIGHT="68">
							<String ID="string_106" HPOS="116" VPOS="1095" WIDTH="188" HEIGHT="53" WC="0.96" CONTENT="stellte"/><SP WIDTH="51" VPOS="1095" HPOS="304"/>
							<String ID="string_107" HPOS="355" VPOS="1097" WIDTH="115" HEIGHT="51" WC="0.96" CONTENT="und"/><SP WIDTH="46" VPOS="1097" HPOS="470"/>
							<String ID="string_108" HPOS="516" VPOS="1098" WIDTH="201" HEIGHT="50" WC="0.96" CONTENT="immer"/><SP WIDTH="49" VPOS="1098" HPOS="717"/>
							<String ID="string_109" HPOS="766" VPOS="1096" WIDTH="210" HEIGHT="53" WC="0.96" CONTENT="wieder"/><SP WIDTH="48" VPOS="1096" HPOS="976"/>
							<String ID="string_110" HPOS="1024" VPOS="1095" WIDTH="325" HEIGHT="66" WC="0.96" CONTENT="bestätigte,"/><SP WIDTH="51" VPOS="1095" HPOS="1349"/>
							<String ID="string_111" HPOS="1400" VPOS="1098" WIDTH="108" HEIGHT="52" WC="0.95" CONTENT="daß"/><SP WIDTH="51" VPOS="1098" HPOS="1508"/>
							<String ID="string_112" HPOS="1559" VPOS="1117" WIDTH="180" HEIGHT="46" WC="0.95" CONTENT="genau"/><SP WIDTH="50" VPOS="1117" HPOS="1739"/>
							<String ID="string_113" HPOS="1789" VPOS="1099" WIDTH="103" HEIGHT="49" WC="0.96" CONTENT="wie"/><SP WIDTH="50" VPOS="1099" HPOS="1892"/>
							<String ID="string_114" HPOS="1942" VPOS="1096" WIDTH="151" HEIGHT="52" WC="0.95" CONTENT="beim"/><SP WIDTH="48" VPOS="1096" HPOS="2093"/>
							<String ID="string_115" HPOS="2141" VPOS="1095" WIDTH="180" HEIGHT="66" WC="0.95" CONTENT="Vogel"/>
						</TextLine>
						<TextLine ID="line_13" HPOS="113" VPOS="1170" WIDTH="2209" HEIGHT="67">
							<String ID="string_116" HPOS="113" VPOS="1170" WIDTH="231" HEIGHT="65" WC="0.96" CONTENT="jedes"/><SP WIDTH="42" VPOS="1170" HPOS="344"/>
							<String ID="string_117" HPOS="386" VPOS="1170" WIDTH="206" HEIGHT="63" WC="0.95" CONTENT="Leben,"/><SP WIDTH="40" VPOS="1170" HPOS="592"/>
							<String ID="string_118" HPOS="632" VPOS="1171" WIDTH="158" HEIGHT="64" WC="0.95" CONTENT="jedes"/><SP WIDTH="18" VPOS="1171" HPOS="790"/>
							<String ID="string_119" HPOS="808" VPOS="1171" WIDTH="360" HEIGHT="52" WC="0.96" CONTENT="Lebewesen"/><SP WIDTH="42" VPOS="1171" HPOS="1168"/>
							<String ID="string_120" HPOS="1210" VPOS="1171" WIDTH="326" HEIGHT="66" WC="0.96" CONTENT="überhaupt"/><SP WIDTH="42" VPOS="1171" HPOS="1536"/>
							<String ID="string_121" HPOS="1578" VPOS="1174" WIDTH="103" HEIGHT="50" WC="0.96" CONTENT="mit"/><SP WIDTH="43" VPOS="1174" HPOS="1681"/>
							<String ID="string_122" HPOS="1724" VPOS="1174" WIDTH="186" HEIGHT="50" WC="0.96" CONTENT="einem"/><SP WIDTH="40" VPOS="1174" HPOS="1910"/>
							<String ID="string_123" HPOS="1950" VPOS="1171" WIDTH="66" HEIGHT="53" WC="0.96" CONTENT="Ei"/><SP WIDTH="43" VPOS="1171" HPOS="2016"/>
							<String ID="string_124" HPOS="2059" VPOS="1171" WIDTH="263" HEIGHT="66" WC="0.96" CONTENT="beginne."/>
						</TextLine>
						<TextLine ID="line_14" HPOS="118" VPOS="1244" WIDTH="2203" HEIGHT="68">
							<String ID="string_125" HPOS="118" VPOS="1244" WIDTH="256" HEIGHT="53" WC="0.96" CONTENT="Freilich:"/><SP WIDTH="50" VPOS="1244" HPOS="374"/>
							<String ID="string_126" HPOS="424" VPOS="1244" WIDTH="192" HEIGHT="67" WC="0.96" CONTENT="Fliege"/><SP WIDTH="49" VPOS="1244" HPOS="616"/>
							<String ID="string_127" HPOS="665" VPOS="1246" WIDTH="116" HEIGHT="51" WC="0.96" CONTENT="und"/><SP WIDTH="48" VPOS="1246" HPOS="781"/>
							<String ID="string_128" HPOS="829" VPOS="1245" WIDTH="228" HEIGHT="66" WC="0.96" CONTENT="Spinne,"/><SP WIDTH="49" VPOS="1245" HPOS="1057"/>
							<String ID="string_129" HPOS="1106" VPOS="1245" WIDTH="185" HEIGHT="55" WC="0.96" CONTENT="Krebs"/><SP WIDTH="50" VPOS="1245" HPOS="1291"/>
							<String ID="string_130" HPOS="1341" VPOS="1247" WIDTH="115" HEIGHT="51" WC="0.93" CONTENT="und"/><SP WIDTH="48" VPOS="1247" HPOS="1456"/>
							<String ID="string_131" HPOS="1504" VPOS="1245" WIDTH="200" HEIGHT="67" WC="0.92" CONTENT="Qualle"/><SP WIDTH="52" VPOS="1245" HPOS="1704"/>
							<String ID="string_132" HPOS="1756" VPOS="1245" WIDTH="256" HEIGHT="54" WC="0.96" CONTENT="scheinen"/><SP WIDTH="50" VPOS="1245" HPOS="2012"/>
							<String ID="string_133" HPOS="2062" VPOS="1246" WIDTH="149" HEIGHT="51" WC="0.95" CONTENT="nicht"/><SP WIDTH="51" VPOS="1246" HPOS="2211"/>
							<String ID="string_134" HPOS="2262" VPOS="1266" WIDTH="59" HEIGHT="31" WC="0.96" CONTENT="so"/>
						</TextLine>
						<TextLine ID="line_15" HPOS="117" VPOS="1320" WIDTH="2204" HEIGHT="67">
							<String ID="string_135" HPOS="117" VPOS="1321" WIDTH="173" HEIGHT="64" WC="0.95" CONTENT="große"/><SP WIDTH="41" VPOS="1321" HPOS="290"/>
							<String ID="string_136" HPOS="331" VPOS="1320" WIDTH="132" HEIGHT="52" WC="0.96" CONTENT="Eier"/><SP WIDTH="38" VPOS="1320" HPOS="463"/>
							<String ID="string_137" HPOS="501" VPOS="1341" WIDTH="65" HEIGHT="31" WC="0.95" CONTENT="zu"/><SP WIDTH="42" VPOS="1341" HPOS="566"/>
							<String ID="string_138" HPOS="608" VPOS="1320" WIDTH="181" HEIGHT="53" WC="0.95" CONTENT="haben"/><SP WIDTH="40" VPOS="1320" HPOS="789"/>
							<String ID="string_139" HPOS="829" VPOS="1324" WIDTH="103" HEIGHT="49" WC="0.96" CONTENT="wie"/><SP WIDTH="42" VPOS="1324" HPOS="932"/>
							<String ID="string_140" HPOS="974" VPOS="1320" WIDTH="170" HEIGHT="52" WC="0.96" CONTENT="Huhn"/><SP WIDTH="40" VPOS="1320" HPOS="1144"/>
							<String ID="string_141" HPOS="1184" VPOS="1321" WIDTH="116" HEIGHT="52" WC="0.96" CONTENT="und"/><SP WIDTH="40" VPOS="1321" HPOS="1300"/>
							<String ID="string_142" HPOS="1340" VPOS="1320" WIDTH="209" HEIGHT="53" WC="0.95" CONTENT="Taube."/><SP WIDTH="43" VPOS="1320" HPOS="1549"/>
							<String ID="string_143" HPOS="1592" VPOS="1321" WIDTH="153" HEIGHT="52" WC="0.96" CONTENT="Aber"/><SP WIDTH="39" VPOS="1321" HPOS="1745"/>
							<String ID="string_144" HPOS="1784" VPOS="1321" WIDTH="150" HEIGHT="52" WC="0.93" CONTENT="beim"/><SP WIDTH="42" VPOS="1321" HPOS="1934"/>
							<String ID="string_145" HPOS="1976" VPOS="1321" WIDTH="345" HEIGHT="66" WC="0.91" CONTENT="gefiederten"/>
						</TextLine>
						<TextLine ID="line_16" HPOS="119" VPOS="1394" WIDTH="2201" HEIGHT="65">
							<String ID="string_146" HPOS="119" VPOS="1394" WIDTH="147" HEIGHT="52" WC="0.95" CONTENT="Volk"/><SP WIDTH="43" VPOS="1394" HPOS="266"/>
							<String ID="string_147" HPOS="309" VPOS="1395" WIDTH="217" HEIGHT="52" WC="0.95" CONTENT="täuscht"/><SP WIDTH="40" VPOS="1395" HPOS="526"/>
							<String ID="string_148" HPOS="566" VPOS="1415" WIDTH="128" HEIGHT="32" WC="0.96" CONTENT="man"/><SP WIDTH="43" VPOS="1415" HPOS="694"/>
							<String ID="string_149" HPOS="737" VPOS="1396" WIDTH="108" HEIGHT="52" WC="0.96" CONTENT="sich"/><SP WIDTH="43" VPOS="1396" HPOS="845"/>
							<String ID="string_150" HPOS="888" VPOS="1395" WIDTH="141" HEIGHT="51" WC="0.95" CONTENT="über"/><SP WIDTH="44" VPOS="1395" HPOS="1029"/>
							<String ID="string_151" HPOS="1073" VPOS="1396" WIDTH="88" HEIGHT="51" WC="0.95" CONTENT="die"/><SP WIDTH="42" VPOS="1396" HPOS="1161"/>
							<String ID="string_152" HPOS="1203" VPOS="1396" WIDTH="189" HEIGHT="51" WC="0.96" CONTENT="wahre"/><SP WIDTH="43" VPOS="1396" HPOS="1392"/>
							<String ID="string_153" HPOS="1435" VPOS="1397" WIDTH="191" HEIGHT="62" WC="0.96" CONTENT="Größe"/><SP WIDTH="45" VPOS="1397" HPOS="1626"/>
							<String ID="string_154" HPOS="1671" VPOS="1396" WIDTH="94" HEIGHT="52" WC="0.96" CONTENT="des"/><SP WIDTH="43" VPOS="1396" HPOS="1765"/>
							<String ID="string_155" HPOS="1808" VPOS="1394" WIDTH="324" HEIGHT="53" WC="0.92" CONTENT="wirklichen"/><SP WIDTH="45" VPOS="1394" HPOS="2132"/>
							<String ID="string_156" HPOS="2177" VPOS="1395" WIDTH="143" HEIGHT="51" WC="0.92" CONTENT="Eies."/>
						</TextLine>
						<TextLine ID="line_17" HPOS="117" VPOS="1469" WIDTH="2206" HEIGHT="69">
							<String ID="string_157" HPOS="117" VPOS="1469" WIDTH="132" HEIGHT="62" WC="0.96" CONTENT="Das,"/><SP WIDTH="37" VPOS="1469" HPOS="249"/>
							<String ID="string_158" HPOS="286" VPOS="1490" WIDTH="111" HEIGHT="33" WC="0.96" CONTENT="was"/><SP WIDTH="39" VPOS="1490" HPOS="397"/>
							<String ID="string_159" HPOS="436" VPOS="1490" WIDTH="126" HEIGHT="32" WC="0.96" CONTENT="zum"/><SP WIDTH="37" VPOS="1490" HPOS="562"/>
							<String ID="string_160" HPOS="599" VPOS="1469" WIDTH="247" HEIGHT="66" WC="0.96" CONTENT="Beispiel"/><SP WIDTH="41" VPOS="1469" HPOS="846"/>
							<String ID="string_161" HPOS="887" VPOS="1470" WIDTH="127" HEIGHT="52" WC="0.96" CONTENT="dem"/><SP WIDTH="39" VPOS="1470" HPOS="1014"/>
							<String ID="string_162" HPOS="1053" VPOS="1474" WIDTH="262" HEIGHT="64" WC="0.93" CONTENT="späteren"/><SP WIDTH="41" VPOS="1474" HPOS="1315"/>
							<String ID="string_163" HPOS="1356" VPOS="1470" WIDTH="228" HEIGHT="52" WC="0.92" CONTENT="Kücken"/><SP WIDTH="42" VPOS="1470" HPOS="1584"/>
							<String ID="string_164" HPOS="1626" VPOS="1470" WIDTH="96" HEIGHT="52" WC="0.96" CONTENT="das"/><SP WIDTH="39" VPOS="1470" HPOS="1722"/>
							<String ID="string_165" HPOS="1761" VPOS="1470" WIDTH="188" HEIGHT="52" WC="0.96" CONTENT="Leben"/><SP WIDTH="40" VPOS="1470" HPOS="1949"/>
							<String ID="string_166" HPOS="1989" VPOS="1470" WIDTH="334" HEIGHT="59" WC="0.92" CONTENT="vermittelt,"/>
						</TextLine>
						<TextLine ID="line_18" HPOS="117" VPOS="1544" WIDTH="2205" HEIGHT="65">
							<String ID="string_167" HPOS="117" VPOS="1546" WIDTH="71" HEIGHT="52" WC="0.96" CONTENT="ist"/><SP WIDTH="36" VPOS="1546" HPOS="188"/>
							<String ID="string_168" HPOS="224" VPOS="1544" WIDTH="150" HEIGHT="53" WC="0.92" CONTENT="beim"/><SP WIDTH="35" VPOS="1544" HPOS="374"/>
							<String ID="string_169" HPOS="409" VPOS="1544" WIDTH="294" HEIGHT="53" WC="0.92" CONTENT="Hühnerei"/><SP WIDTH="36" VPOS="1544" HPOS="703"/>
							<String ID="string_170" HPOS="739" VPOS="1564" WIDTH="107" HEIGHT="32" WC="0.96" CONTENT="nur"/><SP WIDTH="37" VPOS="1564" HPOS="846"/>
							<String ID="string_171" HPOS="883" VPOS="1548" WIDTH="91" HEIGHT="48" WC="0.93" CONTENT="ein"/><SP WIDTH="35" VPOS="1548" HPOS="974"/>
							<String ID="string_172" HPOS="1009" VPOS="1547" WIDTH="263" HEIGHT="62" WC="0.92" CONTENT="winziges"/><SP WIDTH="37" VPOS="1547" HPOS="1272"/>
							<String ID="string_173" HPOS="1309" VPOS="1545" WIDTH="429" HEIGHT="53" WC="0.91" CONTENT="Keimbläschen"/><SP WIDTH="38" VPOS="1545" HPOS="1738"/>
							<String ID="string_174" HPOS="1776" VPOS="1547" WIDTH="262" HEIGHT="49" WC="0.96" CONTENT="inmitten"/><SP WIDTH="39" VPOS="1547" HPOS="2038"/>
							<String ID="string_175" HPOS="2077" VPOS="1545" WIDTH="100" HEIGHT="51" WC="0.96" CONTENT="der"/><SP WIDTH="36" VPOS="1545" HPOS="2177"/>
							<String ID="string_176" HPOS="2213" VPOS="1564" WIDTH="109" HEIGHT="31" WC="0.96" CONTENT="von"/>
						</TextLine>
						<TextLine ID="line_19" HPOS="119" VPOS="1616" WIDTH="2204" HEIGHT="69">
							<String ID="string_177" HPOS="119" VPOS="1618" WIDTH="100" HEIGHT="54" WC="0.96" CONTENT="der"/><SP WIDTH="34" VPOS="1618" HPOS="219"/>
							<String ID="string_178" HPOS="253" VPOS="1619" WIDTH="190" HEIGHT="53" WC="0.93" CONTENT="Schale"/><SP WIDTH="34" VPOS="1619" HPOS="443"/>
							<String ID="string_179" HPOS="477" VPOS="1617" WIDTH="317" HEIGHT="54" WC="0.91" CONTENT="umhüllten"/><SP WIDTH="37" VPOS="1617" HPOS="794"/>
							<String ID="string_180" HPOS="831" VPOS="1616" WIDTH="265" HEIGHT="56" WC="0.91" CONTENT="Eimasse."/><SP WIDTH="37" VPOS="1616" HPOS="1096"/>
							<String ID="string_181" HPOS="1133" VPOS="1619" WIDTH="196" HEIGHT="66" WC="0.96" CONTENT="Eigelb"/><SP WIDTH="36" VPOS="1619" HPOS="1329"/>
							<String ID="string_182" HPOS="1365" VPOS="1620" WIDTH="116" HEIGHT="51" WC="0.96" CONTENT="und"/><SP WIDTH="34" VPOS="1620" HPOS="1481"/>
							<String ID="string_183" HPOS="1515" VPOS="1620" WIDTH="212" HEIGHT="51" WC="0.96" CONTENT="Eiweiß"/><SP WIDTH="37" VPOS="1620" HPOS="1727"/>
							<String ID="string_184" HPOS="1764" VPOS="1619" WIDTH="187" HEIGHT="52" WC="0.96" CONTENT="selber"/><SP WIDTH="36" VPOS="1619" HPOS="1951"/>
							<String ID="string_185" HPOS="1987" VPOS="1619" WIDTH="124" HEIGHT="53" WC="0.96" CONTENT="sind"/><SP WIDTH="35" VPOS="1619" HPOS="2111"/>
							<String ID="string_186" HPOS="2146" VPOS="1619" WIDTH="177" HEIGHT="52" WC="0.96" CONTENT="nichts"/>
						</TextLine>
						<TextLine ID="line_20" HPOS="119" VPOS="1693" WIDTH="2204" HEIGHT="68">
							<String ID="string_187" HPOS="119" VPOS="1695" WIDTH="237" HEIGHT="53" WC="0.96" CONTENT="anderes"/><SP WIDTH="52" VPOS="1695" HPOS="356"/>
							<String ID="string_188" HPOS="408" VPOS="1693" WIDTH="78" HEIGHT="55" WC="0.96" CONTENT="als"/><SP WIDTH="50" VPOS="1693" HPOS="486"/>
							<String ID="string_189" HPOS="536" VPOS="1695" WIDTH="299" HEIGHT="66" WC="0.96" CONTENT="sorgfältig"/><SP WIDTH="49" VPOS="1695" HPOS="835"/>
							<String ID="string_190" HPOS="884" VPOS="1695" WIDTH="97" HEIGHT="51" WC="0.96" CONTENT="für"/><SP WIDTH="50" VPOS="1695" HPOS="981"/>
							<String ID="string_191" HPOS="1031" VPOS="1694" WIDTH="105" HEIGHT="51" WC="0.92" CONTENT="den"/><SP WIDTH="50" VPOS="1694" HPOS="1136"/>
							<String ID="string_192" HPOS="1186" VPOS="1695" WIDTH="544" HEIGHT="52" WC="0.91" CONTENT="heranwachsenden"/><SP WIDTH="51" VPOS="1695" HPOS="1730"/>
							<String ID="string_193" HPOS="1781" VPOS="1694" WIDTH="286" HEIGHT="65" WC="0.89" CONTENT="Keimling"/><SP WIDTH="50" VPOS="1694" HPOS="2067"/>
							<String ID="string_194" HPOS="2117" VPOS="1694" WIDTH="206" HEIGHT="51" WC="0.91" CONTENT="bereit-"/>
						</TextLine>
						<TextLine ID="line_21" HPOS="119" VPOS="1768" WIDTH="2206" HEIGHT="68">
							<String ID="string_195" HPOS="119" VPOS="1769" WIDTH="258" HEIGHT="67" WC="0.96" CONTENT="gestellte"/><SP WIDTH="33" VPOS="1769" HPOS="377"/>
							<String ID="string_196" HPOS="410" VPOS="1768" WIDTH="292" HEIGHT="67" WC="0.96" CONTENT="Nahrung,"/><SP WIDTH="33" VPOS="1768" HPOS="702"/>
							<String ID="string_197" HPOS="735" VPOS="1771" WIDTH="98" HEIGHT="50" WC="0.96" CONTENT="auf"/><SP WIDTH="32" VPOS="1771" HPOS="833"/>
							<String ID="string_198" HPOS="865" VPOS="1769" WIDTH="106" HEIGHT="52" WC="0.96" CONTENT="daß"/><SP WIDTH="34" VPOS="1769" HPOS="971"/>
							<String ID="string_199" HPOS="1005" VPOS="1790" WIDTH="60" HEIGHT="31" WC="0.96" CONTENT="er"/><SP WIDTH="31" VPOS="1790" HPOS="1065"/>
							<String ID="string_200" HPOS="1096" VPOS="1772" WIDTH="55" HEIGHT="48" WC="0.96" CONTENT="in"/><SP WIDTH="33" VPOS="1772" HPOS="1151"/>
							<String ID="string_201" HPOS="1184" VPOS="1772" WIDTH="185" HEIGHT="49" WC="0.93" CONTENT="seiner"/><SP WIDTH="31" VPOS="1772" HPOS="1369"/>
							<String ID="string_202" HPOS="1400" VPOS="1768" WIDTH="336" HEIGHT="53" WC="0.92" CONTENT="Kalkschale"/><SP WIDTH="32" VPOS="1768" HPOS="1736"/>
							<String ID="string_203" HPOS="1768" VPOS="1768" WIDTH="149" HEIGHT="53" WC="0.93" CONTENT="nicht"/><SP WIDTH="33" VPOS="1768" HPOS="1917"/>
							<String ID="string_204" HPOS="1950" VPOS="1768" WIDTH="375" HEIGHT="66" WC="0.86" CONTENT="verhungere,"/>
						</TextLine>
						<TextLine ID="line_22" HPOS="118" VPOS="1844" WIDTH="2209" HEIGHT="67">
							<String ID="string_205" HPOS="118" VPOS="1844" WIDTH="84" HEIGHT="53" WC="0.96" CONTENT="bis"/><SP WIDTH="49" VPOS="1844" HPOS="202"/>
							<String ID="string_206" HPOS="251" VPOS="1865" WIDTH="60" HEIGHT="31" WC="0.96" CONTENT="er"/><SP WIDTH="46" VPOS="1865" HPOS="311"/>
							<String ID="string_207" HPOS="357" VPOS="1844" WIDTH="216" HEIGHT="53" WC="0.96" CONTENT="endlich"/><SP WIDTH="50" VPOS="1844" HPOS="573"/>
							<String ID="string_208" HPOS="623" VPOS="1865" WIDTH="97" HEIGHT="32" WC="0.96" CONTENT="ans"/><SP WIDTH="46" VPOS="1865" HPOS="720"/>
							<String ID="string_209" HPOS="766" VPOS="1844" WIDTH="314" HEIGHT="67" WC="0.96" CONTENT="Tageslicht"/><SP WIDTH="46" VPOS="1844" HPOS="1080"/>
							<String ID="string_210" HPOS="1126" VPOS="1844" WIDTH="292" HEIGHT="65" WC="0.96" CONTENT="schlüpfen"/><SP WIDTH="47" VPOS="1844" HPOS="1418"/>
							<String ID="string_211" HPOS="1465" VPOS="1845" WIDTH="115" HEIGHT="51" WC="0.96" CONTENT="und"/><SP WIDTH="48" VPOS="1845" HPOS="1580"/>
							<String ID="string_212" HPOS="1628" VPOS="1844" WIDTH="173" HEIGHT="53" WC="0.96" CONTENT="selbst"/><SP WIDTH="49" VPOS="1844" HPOS="1801"/>
							<String ID="string_213" HPOS="1850" VPOS="1846" WIDTH="153" HEIGHT="51" WC="0.96" CONTENT="seine"/><SP WIDTH="50" VPOS="1846" HPOS="2003"/>
							<String ID="string_214" HPOS="2053" VPOS="1844" WIDTH="274" HEIGHT="63" WC="0.96" CONTENT="Nahrung"/>
						</TextLine>
						<TextLine ID="line_23" HPOS="119" VPOS="1918" WIDTH="2208" HEIGHT="67">
							<String ID="string_215" HPOS="119" VPOS="1920" WIDTH="200" HEIGHT="51" WC="0.96" CONTENT="suchen"/><SP WIDTH="33" VPOS="1920" HPOS="319"/>
							<String ID="string_216" HPOS="352" VPOS="1918" WIDTH="170" HEIGHT="53" WC="0.95" CONTENT="kann."/><SP WIDTH="31" VPOS="1918" HPOS="522"/>
							<String ID="string_217" HPOS="553" VPOS="1919" WIDTH="105" HEIGHT="52" WC="0.96" CONTENT="Die"/><SP WIDTH="31" VPOS="1919" HPOS="658"/>
							<String ID="string_218" HPOS="689" VPOS="1918" WIDTH="134" HEIGHT="52" WC="0.96" CONTENT="Eier"/><SP WIDTH="33" VPOS="1918" HPOS="823"/>
							<String ID="string_219" HPOS="856" VPOS="1920" WIDTH="140" HEIGHT="51" WC="0.93" CONTENT="aller"/><SP WIDTH="30" VPOS="1920" HPOS="996"/>
							<String ID="string_220" HPOS="1026" VPOS="1918" WIDTH="342" HEIGHT="67" WC="0.92" CONTENT="geflügelten"/><SP WIDTH="34" VPOS="1918" HPOS="1368"/>
							<String ID="string_221" HPOS="1402" VPOS="1919" WIDTH="116" HEIGHT="51" WC="0.93" CONTENT="und"/><SP WIDTH="34" VPOS="1919" HPOS="1518"/>
							<String ID="string_222" HPOS="1552" VPOS="1918" WIDTH="381" HEIGHT="67" WC="0.91" CONTENT="geschuppten"/><SP WIDTH="33" VPOS="1918" HPOS="1933"/>
							<String ID="string_223" HPOS="1966" VPOS="1918" WIDTH="185" HEIGHT="63" WC="0.96" CONTENT="Tiere,"/><SP WIDTH="35" VPOS="1918" HPOS="2151"/>
							<String ID="string_224" HPOS="2186" VPOS="1918" WIDTH="141" HEIGHT="52" WC="0.96" CONTENT="aller"/>
						</TextLine>
						<TextLine ID="line_24" HPOS="119" VPOS="1992" WIDTH="2206" HEIGHT="65">
							<String ID="string_225" HPOS="119" VPOS="1993" WIDTH="266" HEIGHT="53" WC="0.96" CONTENT="Insekten"/><SP WIDTH="33" VPOS="1993" HPOS="385"/>
							<String ID="string_226" HPOS="418" VPOS="1994" WIDTH="116" HEIGHT="52" WC="0.96" CONTENT="und"/><SP WIDTH="32" VPOS="1994" HPOS="534"/>
							<String ID="string_227" HPOS="566" VPOS="1993" WIDTH="240" HEIGHT="60" WC="0.96" CONTENT="Krebse,"/><SP WIDTH="32" VPOS="1993" HPOS="806"/>
							<String ID="string_228" HPOS="838" VPOS="1993" WIDTH="116" HEIGHT="52" WC="0.96" CONTENT="und"/><SP WIDTH="34" VPOS="1993" HPOS="954"/>
							<String ID="string_229" HPOS="988" VPOS="1992" WIDTH="72" HEIGHT="53" WC="0.96" CONTENT="all"/><SP WIDTH="34" VPOS="1992" HPOS="1060"/>
							<String ID="string_230" HPOS="1094" VPOS="1994" WIDTH="101" HEIGHT="50" WC="0.96" CONTENT="der"/><SP WIDTH="31" VPOS="1994" HPOS="1195"/>
							<String ID="string_231" HPOS="1226" VPOS="1994" WIDTH="183" HEIGHT="51" WC="0.95" CONTENT="vielen"/><SP WIDTH="34" VPOS="1994" HPOS="1409"/>
							<String ID="string_232" HPOS="1443" VPOS="1993" WIDTH="137" HEIGHT="52" WC="0.96" CONTENT="noch"/><SP WIDTH="34" VPOS="1993" HPOS="1580"/>
							<String ID="string_233" HPOS="1614" VPOS="1993" WIDTH="359" HEIGHT="64" WC="0.93" CONTENT="niedrigeren"/><SP WIDTH="34" VPOS="1993" HPOS="1973"/>
							<String ID="string_234" HPOS="2007" VPOS="1994" WIDTH="318" HEIGHT="51" WC="0.91" CONTENT="Tierwesen"/>
						</TextLine>
						<TextLine ID="line_25" HPOS="120" VPOS="2067" WIDTH="2205" HEIGHT="66">
							<String ID="string_235" HPOS="120" VPOS="2070" WIDTH="124" HEIGHT="51" WC="0.96" CONTENT="sind"/><SP WIDTH="41" VPOS="2070" HPOS="244"/>
							<String ID="string_236" HPOS="285" VPOS="2068" WIDTH="175" HEIGHT="55" WC="0.96" CONTENT="nichts"/><SP WIDTH="42" VPOS="2068" HPOS="460"/>
							<String ID="string_237" HPOS="502" VPOS="2071" WIDTH="197" HEIGHT="49" WC="0.96" CONTENT="weiter"/><SP WIDTH="42" VPOS="2071" HPOS="699"/>
							<String ID="string_238" HPOS="741" VPOS="2069" WIDTH="78" HEIGHT="51" WC="0.96" CONTENT="als"/><SP WIDTH="43" VPOS="2069" HPOS="819"/>
							<String ID="string_239" HPOS="862" VPOS="2071" WIDTH="125" HEIGHT="49" WC="0.96" CONTENT="eine"/><SP WIDTH="42" VPOS="2071" HPOS="987"/>
							<String ID="string_240" HPOS="1029" VPOS="2070" WIDTH="215" HEIGHT="63" WC="0.95" CONTENT="einzige"/><SP WIDTH="42" VPOS="2070" HPOS="1244"/>
							<String ID="string_241" HPOS="1286" VPOS="2068" WIDTH="170" HEIGHT="62" WC="0.96" CONTENT="Zelle,"/><SP WIDTH="41" VPOS="2068" HPOS="1456"/>
							<String ID="string_242" HPOS="1497" VPOS="2070" WIDTH="103" HEIGHT="50" WC="0.96" CONTENT="wie"/><SP WIDTH="45" VPOS="2070" HPOS="1600"/>
							<String ID="string_243" HPOS="1645" VPOS="2067" WIDTH="88" HEIGHT="53" WC="0.96" CONTENT="die"/><SP WIDTH="42" VPOS="2067" HPOS="1733"/>
							<String ID="string_244" HPOS="1775" VPOS="2067" WIDTH="402" HEIGHT="53" WC="0.96" CONTENT="Wissenschaft"/><SP WIDTH="44" VPOS="2067" HPOS="2177"/>
							<String ID="string_245" HPOS="2221" VPOS="2067" WIDTH="104" HEIGHT="52" WC="0.96" CONTENT="den"/>
						</TextLine>
						<TextLine ID="line_26" HPOS="119" VPOS="2142" WIDTH="2207" HEIGHT="67">
							<String ID="string_246" HPOS="119" VPOS="2143" WIDTH="347" HEIGHT="53" WC="0.96" CONTENT="einfachsten"/><SP WIDTH="30" VPOS="2143" HPOS="466"/>
							<String ID="string_247" HPOS="496" VPOS="2143" WIDTH="269" HEIGHT="53" WC="0.96" CONTENT="Baustein"/><SP WIDTH="34" VPOS="2143" HPOS="765"/>
							<String ID="string_248" HPOS="799" VPOS="2143" WIDTH="134" HEIGHT="53" WC="0.93" CONTENT="alles"/><SP WIDTH="30" VPOS="2143" HPOS="933"/>
							<String ID="string_249" HPOS="963" VPOS="2142" WIDTH="360" HEIGHT="67" WC="0.91" CONTENT="Lebendigen"/><SP WIDTH="29" VPOS="2142" HPOS="1323"/>
							<String ID="string_250" HPOS="1352" VPOS="2156" WIDTH="194" HEIGHT="39" WC="0.96" CONTENT="nennt."/><SP WIDTH="30" VPOS="2156" HPOS="1546"/>
							<String ID="string_251" HPOS="1576" VPOS="2143" WIDTH="122" HEIGHT="52" WC="0.95" CONTENT="Nur"/><SP WIDTH="30" VPOS="2143" HPOS="1698"/>
							<String ID="string_252" HPOS="1728" VPOS="2155" WIDTH="168" HEIGHT="39" WC="0.96" CONTENT="unter"/><SP WIDTH="32" VPOS="2155" HPOS="1896"/>
							<String ID="string_253" HPOS="1928" VPOS="2143" WIDTH="124" HEIGHT="51" WC="0.93" CONTENT="dem"/><SP WIDTH="31" VPOS="2143" HPOS="2052"/>
							<String ID="string_254" HPOS="2083" VPOS="2142" WIDTH="243" HEIGHT="52" WC="0.91" CONTENT="Zauber-"/>
						</TextLine>
						<TextLine ID="line_27" HPOS="120" VPOS="2212" WIDTH="2205" HEIGHT="71">
							<String ID="string_255" HPOS="120" VPOS="2217" WIDTH="116" HEIGHT="65" WC="0.94" CONTENT="glas"/><SP WIDTH="40" VPOS="2217" HPOS="236"/>
							<String ID="string_256" HPOS="276" VPOS="2217" WIDTH="95" HEIGHT="54" WC="0.93" CONTENT="des"/><SP WIDTH="41" VPOS="2217" HPOS="371"/>
							<String ID="string_257" HPOS="412" VPOS="2212" WIDTH="366" HEIGHT="71" WC="0.92" CONTENT="Mikroskops"/><SP WIDTH="42" VPOS="2212" HPOS="778"/>
							<String ID="string_258" HPOS="820" VPOS="2216" WIDTH="243" HEIGHT="53" WC="0.96" CONTENT="erkennt"/><SP WIDTH="40" VPOS="2216" HPOS="1063"/>
							<String ID="string_259" HPOS="1103" VPOS="2237" WIDTH="128" HEIGHT="32" WC="0.96" CONTENT="man"/><SP WIDTH="43" VPOS="2237" HPOS="1231"/>
							<String ID="string_260" HPOS="1274" VPOS="2217" WIDTH="95" HEIGHT="52" WC="0.96" CONTENT="das"/><SP WIDTH="41" VPOS="2217" HPOS="1369"/>
							<String ID="string_261" HPOS="1410" VPOS="2219" WIDTH="164" HEIGHT="49" WC="0.96" CONTENT="meist"/><SP WIDTH="40" VPOS="2219" HPOS="1574"/>
							<String ID="string_262" HPOS="1614" VPOS="2217" WIDTH="137" HEIGHT="51" WC="0.94" CONTENT="noch"/><SP WIDTH="41" VPOS="2217" HPOS="1751"/>
							<String ID="string_263" HPOS="1792" VPOS="2216" WIDTH="149" HEIGHT="51" WC="0.93" CONTENT="nicht"/><SP WIDTH="42" VPOS="2216" HPOS="1941"/>
							<String ID="string_264" HPOS="1983" VPOS="2216" WIDTH="342" HEIGHT="52" WC="0.91" CONTENT="stecknadel-"/>
						</TextLine>
						<TextLine ID="line_28" HPOS="120" VPOS="2289" WIDTH="2207" HEIGHT="70">
							<String ID="string_265" HPOS="120" VPOS="2292" WIDTH="320" HEIGHT="67" WC="0.92" CONTENT="kopfgroße"/><SP WIDTH="47" VPOS="2292" HPOS="440"/>
							<String ID="string_266" HPOS="487" VPOS="2292" WIDTH="363" HEIGHT="66" WC="0.91" CONTENT="Zellgebilde,"/><SP WIDTH="46" VPOS="2292" HPOS="850"/>
							<String ID="string_267" HPOS="896" VPOS="2295" WIDTH="90" HEIGHT="49" WC="0.91" CONTENT="ein"/><SP WIDTH="46" VPOS="2295" HPOS="986"/>
							<String ID="string_268" HPOS="1032" VPOS="2292" WIDTH="350" HEIGHT="65" WC="0.91" CONTENT="Klümpchen"/><SP WIDTH="48" VPOS="2292" HPOS="1382"/>
							<String ID="string_269" HPOS="1430" VPOS="2290" WIDTH="764" HEIGHT="68" WC="0.89" CONTENT="schleimiges-halbflüssiges"/><SP WIDTH="47" VPOS="2290" HPOS="2194"/>
							<String ID="string_270" HPOS="2241" VPOS="2289" WIDTH="86" HEIGHT="51" WC="0.92" CONTENT="Ei-"/>
						</TextLine>
						<TextLine ID="line_29" HPOS="122" VPOS="2364" WIDTH="2207" HEIGHT="68">
							<String ID="string_271" HPOS="122" VPOS="2369" WIDTH="160" HEIGHT="63" WC="0.96" CONTENT="weiß,"/><SP WIDTH="42" VPOS="2369" HPOS="282"/>
							<String ID="string_272" HPOS="324" VPOS="2373" WIDTH="57" HEIGHT="48" WC="0.96" CONTENT="in"/><SP WIDTH="38" VPOS="2373" HPOS="381"/>
							<String ID="string_273" HPOS="419" VPOS="2369" WIDTH="204" HEIGHT="53" WC="0.96" CONTENT="dessen"/><SP WIDTH="42" VPOS="2369" HPOS="623"/>
							<String ID="string_274" HPOS="665" VPOS="2368" WIDTH="211" HEIGHT="52" WC="0.95" CONTENT="Innern"/><SP WIDTH="44" VPOS="2368" HPOS="876"/>
							<String ID="string_275" HPOS="920" VPOS="2371" WIDTH="91" HEIGHT="48" WC="0.93" CONTENT="ein"/><SP WIDTH="41" VPOS="2371" HPOS="1011"/>
							<String ID="string_276" HPOS="1052" VPOS="2367" WIDTH="382" HEIGHT="51" WC="0.91" CONTENT="verdichteter"/><SP WIDTH="43" VPOS="2367" HPOS="1434"/>
							<String ID="string_277" HPOS="1477" VPOS="2366" WIDTH="191" HEIGHT="53" WC="0.95" CONTENT="Punkt"/><SP WIDTH="45" VPOS="2366" HPOS="1668"/>
							<String ID="string_278" HPOS="1713" VPOS="2365" WIDTH="244" HEIGHT="53" WC="0.96" CONTENT="sichtbar"/><SP WIDTH="43" VPOS="2365" HPOS="1957"/>
							<String ID="string_279" HPOS="2000" VPOS="2368" WIDTH="72" HEIGHT="49" WC="0.92" CONTENT="ist"/><SP WIDTH="42" VPOS="2368" HPOS="2072"/>
							<String ID="string_280" HPOS="2114" VPOS="2396" WIDTH="72" HEIGHT="5" WC="0.92" CONTENT="—"/><SP WIDTH="44" VPOS="2396" HPOS="2186"/>
							<String ID="string_281" HPOS="2230" VPOS="2364" WIDTH="99" HEIGHT="51" WC="0.96" CONTENT="der"/>
						</TextLine>
						<TextLine ID="line_30" HPOS="120" VPOS="2438" WIDTH="2207" HEIGHT="66">
							<String ID="string_282" HPOS="120" VPOS="2442" WIDTH="282" HEIGHT="55" WC="0.86" CONTENT="Zellkern."/><SP WIDTH="35" VPOS="2442" HPOS="402"/>
							<String ID="string_283" HPOS="437" VPOS="2442" WIDTH="185" HEIGHT="55" WC="0.96" CONTENT="Selbst"/><SP WIDTH="34" VPOS="2442" HPOS="622"/>
							<String ID="string_284" HPOS="656" VPOS="2443" WIDTH="88" HEIGHT="52" WC="0.93" CONTENT="die"/><SP WIDTH="34" VPOS="2443" HPOS="744"/>
							<String ID="string_285" HPOS="778" VPOS="2442" WIDTH="590" HEIGHT="53" WC="0.91" CONTENT="höchstentwickelten"/><SP WIDTH="34" VPOS="2442" HPOS="1368"/>
							<String ID="string_286" HPOS="1402" VPOS="2453" WIDTH="169" HEIGHT="41" WC="0.96" CONTENT="unter"/><SP WIDTH="35" VPOS="2453" HPOS="1571"/>
							<String ID="string_287" HPOS="1606" VPOS="2441" WIDTH="105" HEIGHT="51" WC="0.96" CONTENT="den"/><SP WIDTH="34" VPOS="2441" HPOS="1711"/>
							<String ID="string_288" HPOS="1745" VPOS="2441" WIDTH="222" HEIGHT="59" WC="0.96" CONTENT="Tieren,"/><SP WIDTH="36" VPOS="2441" HPOS="1967"/>
							<String ID="string_289" HPOS="2003" VPOS="2439" WIDTH="88" HEIGHT="52" WC="0.93" CONTENT="die"/><SP WIDTH="34" VPOS="2439" HPOS="2091"/>
							<String ID="string_290" HPOS="2125" VPOS="2438" WIDTH="202" HEIGHT="66" WC="0.92" CONTENT="Säuge-"/>
						</TextLine>
						<TextLine ID="line_31" HPOS="124" VPOS="2513" WIDTH="2208" HEIGHT="66">
							<String ID="string_291" HPOS="124" VPOS="2522" WIDTH="142" HEIGHT="49" WC="0.93" CONTENT="tiere"/><SP WIDTH="25" VPOS="2522" HPOS="266"/>
							<String ID="string_292" HPOS="291" VPOS="2550" WIDTH="73" HEIGHT="7" WC="0.91" CONTENT="—"/><SP WIDTH="23" VPOS="2550" HPOS="364"/>
							<String ID="string_293" HPOS="387" VPOS="2518" WIDTH="177" HEIGHT="53" WC="0.95" CONTENT="Pferd"/><SP WIDTH="26" VPOS="2518" HPOS="564"/>
							<String ID="string_294" HPOS="590" VPOS="2518" WIDTH="115" HEIGHT="52" WC="0.96" CONTENT="und"/><SP WIDTH="25" VPOS="2518" HPOS="705"/>
							<String ID="string_295" HPOS="730" VPOS="2518" WIDTH="187" HEIGHT="61" WC="0.96" CONTENT="Löwe,"/><SP WIDTH="25" VPOS="2518" HPOS="917"/>
							<String ID="string_296" HPOS="942" VPOS="2517" WIDTH="162" HEIGHT="53" WC="0.96" CONTENT="Maus"/><SP WIDTH="28" VPOS="2517" HPOS="1104"/>
							<String ID="string_297" HPOS="1132" VPOS="2516" WIDTH="116" HEIGHT="52" WC="0.95" CONTENT="und"/><SP WIDTH="24" VPOS="2516" HPOS="1248"/>
							<String ID="string_298" HPOS="1272" VPOS="2515" WIDTH="250" HEIGHT="61" WC="0.96" CONTENT="Elefant,"/><SP WIDTH="28" VPOS="2515" HPOS="1522"/>
							<String ID="string_299" HPOS="1550" VPOS="2516" WIDTH="148" HEIGHT="51" WC="0.96" CONTENT="Hase"/><SP WIDTH="28" VPOS="2516" HPOS="1698"/>
							<String ID="string_300" HPOS="1726" VPOS="2514" WIDTH="116" HEIGHT="51" WC="0.96" CONTENT="und"/><SP WIDTH="26" VPOS="2514" HPOS="1842"/>
							<String ID="string_301" HPOS="1868" VPOS="2513" WIDTH="366" HEIGHT="52" WC="0.91" CONTENT="Fledermaus"/><SP WIDTH="26" VPOS="2513" HPOS="2234"/>
							<String ID="string_302" HPOS="2260" VPOS="2543" WIDTH="72" HEIGHT="5" WC="0.89" CONTENT="—"/>
						</TextLine>
						<TextLine ID="line_32" HPOS="121" VPOS="2587" WIDTH="2209" HEIGHT="72">
							<String ID="string_303" HPOS="121" VPOS="2592" WIDTH="284" HEIGHT="67" WC="0.95" CONTENT="beginnen"/><SP WIDTH="56" VPOS="2592" HPOS="405"/>
							<String ID="string_304" HPOS="461" VPOS="2593" WIDTH="92" HEIGHT="51" WC="0.95" CONTENT="ihr"/><SP WIDTH="56" VPOS="2593" HPOS="553"/>
							<String ID="string_305" HPOS="609" VPOS="2592" WIDTH="244" HEIGHT="52" WC="0.96" CONTENT="Werden"/><SP WIDTH="57" VPOS="2592" HPOS="853"/>
							<String ID="string_306" HPOS="910" VPOS="2595" WIDTH="104" HEIGHT="49" WC="0.96" CONTENT="mit"/><SP WIDTH="59" VPOS="2595" HPOS="1014"/>
							<String ID="string_307" HPOS="1073" VPOS="2594" WIDTH="157" HEIGHT="49" WC="0.96" CONTENT="einer"/><SP WIDTH="55" VPOS="2594" HPOS="1230"/>
							<String ID="string_308" HPOS="1285" VPOS="2611" WIDTH="60" HEIGHT="32" WC="0.96" CONTENT="so"/><SP WIDTH="58" VPOS="2611" HPOS="1345"/>
							<String ID="string_309" HPOS="1403" VPOS="2592" WIDTH="277" HEIGHT="62" WC="0.96" CONTENT="winzigen"/><SP WIDTH="57" VPOS="2592" HPOS="1680"/>
							<String ID="string_310" HPOS="1737" VPOS="2588" WIDTH="231" HEIGHT="60" WC="0.96" CONTENT="Eizelle,"/><SP WIDTH="56" VPOS="2588" HPOS="1968"/>
							<String ID="string_311" HPOS="2024" VPOS="2587" WIDTH="138" HEIGHT="62" WC="0.96" CONTENT="und,"/><SP WIDTH="57" VPOS="2587" HPOS="2162"/>
							<String ID="string_312" HPOS="2219" VPOS="2606" WIDTH="111" HEIGHT="31" WC="0.96" CONTENT="was"/>
						</TextLine>
						<TextLine ID="line_33" HPOS="119" VPOS="2662" WIDTH="2210" HEIGHT="69">
							<String ID="string_313" HPOS="119" VPOS="2669" WIDTH="139" HEIGHT="51" WC="0.96" CONTENT="noch"/><SP WIDTH="46" VPOS="2669" HPOS="258"/>
							<String ID="string_314" HPOS="304" VPOS="2667" WIDTH="163" HEIGHT="53" WC="0.96" CONTENT="mehr"/><SP WIDTH="43" VPOS="2667" HPOS="467"/>
							<String ID="string_315" HPOS="510" VPOS="2667" WIDTH="347" HEIGHT="61" WC="0.96" CONTENT="überrascht,"/><SP WIDTH="46" VPOS="2667" HPOS="857"/>
							<String ID="string_316" HPOS="903" VPOS="2685" WIDTH="164" HEIGHT="46" WC="0.96" CONTENT="sogar"/><SP WIDTH="43" VPOS="2685" HPOS="1067"/>
							<String ID="string_317" HPOS="1110" VPOS="2665" WIDTH="129" HEIGHT="65" WC="0.96" CONTENT="jede"/><SP WIDTH="46" VPOS="2665" HPOS="1239"/>
							<String ID="string_318" HPOS="1285" VPOS="2664" WIDTH="251" HEIGHT="52" WC="0.96" CONTENT="Pflanze:"/><SP WIDTH="48" VPOS="2664" HPOS="1536"/>
							<String ID="string_319" HPOS="1584" VPOS="2664" WIDTH="140" HEIGHT="52" WC="0.96" CONTENT="Eine"/><SP WIDTH="47" VPOS="2664" HPOS="1724"/>
							<String ID="string_320" HPOS="1771" VPOS="2663" WIDTH="212" HEIGHT="51" WC="0.96" CONTENT="Eizelle"/><SP WIDTH="46" VPOS="2663" HPOS="1983"/>
							<String ID="string_321" HPOS="2029" VPOS="2662" WIDTH="179" HEIGHT="51" WC="0.96" CONTENT="steckt"/><SP WIDTH="45" VPOS="2662" HPOS="2208"/>
							<String ID="string_322" HPOS="2253" VPOS="2664" WIDTH="76" HEIGHT="49" WC="0.96" CONTENT="im"/>
						</TextLine>
						<TextLine ID="line_34" HPOS="124" VPOS="2736" WIDTH="2206" HEIGHT="71">
							<String ID="string_323" HPOS="124" VPOS="2741" WIDTH="421" HEIGHT="53" WC="0.91" CONTENT="Fruchtknoten"/><SP WIDTH="40" VPOS="2741" HPOS="545"/>
							<String ID="string_324" HPOS="585" VPOS="2741" WIDTH="161" HEIGHT="66" WC="0.96" CONTENT="jeder"/><SP WIDTH="39" VPOS="2741" HPOS="746"/>
							<String ID="string_325" HPOS="785" VPOS="2741" WIDTH="185" HEIGHT="52" WC="0.95" CONTENT="Blüte."/><SP WIDTH="41" VPOS="2741" HPOS="970"/>
							<String ID="string_326" HPOS="1011" VPOS="2740" WIDTH="85" HEIGHT="52" WC="0.96" CONTENT="Ob"/><SP WIDTH="40" VPOS="2740" HPOS="1096"/>
							<String ID="string_327" HPOS="1136" VPOS="2740" WIDTH="166" HEIGHT="52" WC="0.96" CONTENT="Eiche"/><SP WIDTH="41" VPOS="2740" HPOS="1302"/>
							<String ID="string_328" HPOS="1343" VPOS="2740" WIDTH="139" HEIGHT="52" WC="0.95" CONTENT="oder"/><SP WIDTH="40" VPOS="2740" HPOS="1482"/>
							<String ID="string_329" HPOS="1522" VPOS="2738" WIDTH="179" HEIGHT="62" WC="0.95" CONTENT="Moos,"/><SP WIDTH="41" VPOS="2738" HPOS="1701"/>
							<String ID="string_330" HPOS="1742" VPOS="2737" WIDTH="71" HEIGHT="52" WC="0.96" CONTENT="ob"/><SP WIDTH="44" VPOS="2737" HPOS="1813"/>
							<String ID="string_331" HPOS="1857" VPOS="2741" WIDTH="174" HEIGHT="62" WC="0.93" CONTENT="grüne"/><SP WIDTH="43" VPOS="2741" HPOS="2031"/>
							<String ID="string_332" HPOS="2074" VPOS="2736" WIDTH="139" HEIGHT="67" WC="0.90" CONTENT="Alge"/><SP WIDTH="41" VPOS="2736" HPOS="2213"/>
							<String ID="string_333" HPOS="2254" VPOS="2738" WIDTH="76" HEIGHT="49" WC="0.96" CONTENT="im"/>
						</TextLine>
						<TextLine ID="line_35" HPOS="126" VPOS="2810" WIDTH="2203" HEIGHT="73">
							<String ID="string_334" HPOS="126" VPOS="2816" WIDTH="442" HEIGHT="67" WC="0.91" CONTENT="Wassertümpel"/><SP WIDTH="37" VPOS="2816" HPOS="568"/>
							<String ID="string_335" HPOS="605" VPOS="2817" WIDTH="138" HEIGHT="51" WC="0.93" CONTENT="oder"/><SP WIDTH="36" VPOS="2817" HPOS="743"/>
							<String ID="string_336" HPOS="779" VPOS="2816" WIDTH="246" HEIGHT="66" WC="0.91" CONTENT="ragende"/><SP WIDTH="37" VPOS="2816" HPOS="1025"/>
							<String ID="string_337" HPOS="1062" VPOS="2815" WIDTH="193" HEIGHT="51" WC="0.96" CONTENT="Tanne"/><SP WIDTH="35" VPOS="2815" HPOS="1255"/>
							<String ID="string_338" HPOS="1290" VPOS="2818" WIDTH="78" HEIGHT="48" WC="0.96" CONTENT="im"/><SP WIDTH="35" VPOS="2818" HPOS="1368"/>
							<String ID="string_339" HPOS="1403" VPOS="2813" WIDTH="264" HEIGHT="66" WC="0.95" CONTENT="Gebirge,"/><SP WIDTH="36" VPOS="2813" HPOS="1667"/>
							<String ID="string_340" HPOS="1703" VPOS="2812" WIDTH="71" HEIGHT="51" WC="0.96" CONTENT="ob"/><SP WIDTH="37" VPOS="2812" HPOS="1774"/>
							<String ID="string_341" HPOS="1811" VPOS="2810" WIDTH="333" HEIGHT="53" WC="0.96" CONTENT="leuchtende"/><SP WIDTH="39" VPOS="2810" HPOS="2144"/>
							<String ID="string_342" HPOS="2183" VPOS="2810" WIDTH="146" HEIGHT="52" WC="0.96" CONTENT="Rose"/>
						</TextLine>
						<TextLine ID="line_36" HPOS="122" VPOS="2885" WIDTH="2208" HEIGHT="71">
							<String ID="string_343" HPOS="122" VPOS="2891" WIDTH="138" HEIGHT="55" WC="0.93" CONTENT="oder"/><SP WIDTH="29" VPOS="2891" HPOS="260"/>
							<String ID="string_344" HPOS="289" VPOS="2891" WIDTH="245" HEIGHT="54" WC="0.91" CONTENT="bleicher"/><SP WIDTH="30" VPOS="2891" HPOS="534"/>
							<String ID="string_345" HPOS="564" VPOS="2890" WIDTH="410" HEIGHT="66" WC="0.92" CONTENT="Schimmelpilz"/><SP WIDTH="27" VPOS="2890" HPOS="974"/>
							<String ID="string_346" HPOS="1001" VPOS="2920" WIDTH="74" HEIGHT="6" WC="0.93" CONTENT="—"/><SP WIDTH="29" VPOS="2920" HPOS="1075"/>
							<String ID="string_347" HPOS="1104" VPOS="2888" WIDTH="134" HEIGHT="55" WC="0.95" CONTENT="alles"/><SP WIDTH="31" VPOS="2888" HPOS="1238"/>
							<String ID="string_348" HPOS="1269" VPOS="2888" WIDTH="326" HEIGHT="66" WC="0.96" CONTENT="pflanzliche"/><SP WIDTH="31" VPOS="2888" HPOS="1595"/>
							<String ID="string_349" HPOS="1626" VPOS="2886" WIDTH="188" HEIGHT="53" WC="0.96" CONTENT="Leben"/><SP WIDTH="33" VPOS="2886" HPOS="1814"/>
							<String ID="string_350" HPOS="1847" VPOS="2885" WIDTH="136" HEIGHT="52" WC="0.96" CONTENT="hebt"/><SP WIDTH="32" VPOS="2885" HPOS="1983"/>
							<String ID="string_351" HPOS="2015" VPOS="2905" WIDTH="181" HEIGHT="47" WC="0.96" CONTENT="genau"/><SP WIDTH="30" VPOS="2905" HPOS="2196"/>
							<String ID="string_352" HPOS="2226" VPOS="2886" WIDTH="104" HEIGHT="49" WC="0.96" CONTENT="wie"/>
						</TextLine>
						<TextLine ID="line_37" HPOS="123" VPOS="2964" WIDTH="1331" HEIGHT="55">
							<String ID="string_353" HPOS="123" VPOS="2967" WIDTH="136" HEIGHT="52" WC="0.96" CONTENT="alles"/><SP WIDTH="31" VPOS="2967" HPOS="259"/>
							<String ID="string_354" HPOS="290" VPOS="2966" WIDTH="259" HEIGHT="53" WC="0.96" CONTENT="tierische"/><SP WIDTH="33" VPOS="2966" HPOS="549"/>
							<String ID="string_355" HPOS="582" VPOS="2966" WIDTH="188" HEIGHT="52" WC="0.96" CONTENT="Leben"/><SP WIDTH="33" VPOS="2966" HPOS="770"/>
							<String ID="string_356" HPOS="803" VPOS="2969" WIDTH="101" HEIGHT="49" WC="0.96" CONTENT="mit"/><SP WIDTH="32" VPOS="2969" HPOS="904"/>
							<String ID="string_357" HPOS="936" VPOS="2969" WIDTH="158" HEIGHT="49" WC="0.96" CONTENT="einer"/><SP WIDTH="31" VPOS="2969" HPOS="1094"/>
							<String ID="string_358" HPOS="1125" VPOS="2964" WIDTH="210" HEIGHT="55" WC="0.96" CONTENT="Eizelle"/><SP WIDTH="34" VPOS="2964" HPOS="1335"/>
							<String ID="string_359" HPOS="1369" VPOS="2986" WIDTH="85" HEIGHT="32" WC="0.96" CONTENT="an."/>
						</TextLine>
					</TextBlock>
					<TextBlock ID="block_2" HPOS="122" VPOS="3044" WIDTH="2208" HEIGHT="214">
						<TextLine ID="line_38" HPOS="194" VPOS="3044" WIDTH="2136" HEIGHT="68">
							<String ID="string_360" HPOS="194" VPOS="3046" WIDTH="107" HEIGHT="53" WC="0.96" CONTENT="Mit"/><SP WIDTH="30" VPOS="3046" HPOS="301"/>
							<String ID="string_361" HPOS="331" VPOS="3045" WIDTH="184" HEIGHT="54" WC="0.96" CONTENT="dieser"/><SP WIDTH="29" VPOS="3045" HPOS="515"/>
							<String ID="string_362" HPOS="544" VPOS="3046" WIDTH="349" HEIGHT="53" WC="0.96" CONTENT="Erkenntnis"/><SP WIDTH="31" VPOS="3046" HPOS="893"/>
							<String ID="string_363" HPOS="924" VPOS="3049" WIDTH="70" HEIGHT="49" WC="0.96" CONTENT="ist"/><SP WIDTH="33" VPOS="3049" HPOS="994"/>
							<String ID="string_364" HPOS="1027" VPOS="3045" WIDTH="135" HEIGHT="53" WC="0.96" CONTENT="aber"/><SP WIDTH="31" VPOS="3045" HPOS="1162"/>
							<String ID="string_365" HPOS="1193" VPOS="3046" WIDTH="89" HEIGHT="52" WC="0.93" CONTENT="die"/><SP WIDTH="28" VPOS="3046" HPOS="1282"/>
							<String ID="string_366" HPOS="1310" VPOS="3046" WIDTH="180" HEIGHT="66" WC="0.68" CONTENT="Erage"/><SP WIDTH="30" VPOS="3046" HPOS="1490"/>
							<String ID="string_367" HPOS="1520" VPOS="3046" WIDTH="134" HEIGHT="52" WC="0.96" CONTENT="nach"/><SP WIDTH="34" VPOS="3046" HPOS="1654"/>
							<String ID="string_368" HPOS="1688" VPOS="3046" WIDTH="125" HEIGHT="52" WC="0.96" CONTENT="dem"/><SP WIDTH="29" VPOS="3046" HPOS="1813"/>
							<String ID="string_369" HPOS="1842" VPOS="3044" WIDTH="217" HEIGHT="68" WC="0.93" CONTENT="Erbgut"/><SP WIDTH="29" VPOS="3044" HPOS="2059"/>
							<String ID="string_370" HPOS="2088" VPOS="3049" WIDTH="242" HEIGHT="63" WC="0.92" CONTENT="womög-"/>
						</TextLine>
						<TextLine ID="line_39" HPOS="122" VPOS="3119" WIDTH="2208" HEIGHT="67">
							<String ID="string_371" HPOS="122" VPOS="3120" WIDTH="100" HEIGHT="55" WC="0.95" CONTENT="lich"/><SP WIDTH="37" VPOS="3120" HPOS="222"/>
							<String ID="string_372" HPOS="259" VPOS="3142" WIDTH="110" HEIGHT="32" WC="0.96" CONTENT="nur"/><SP WIDTH="32" VPOS="3142" HPOS="369"/>
							<String ID="string_373" HPOS="401" VPOS="3122" WIDTH="140" HEIGHT="52" WC="0.93" CONTENT="noch"/><SP WIDTH="36" VPOS="3122" HPOS="541"/>
							<String ID="string_374" HPOS="577" VPOS="3120" WIDTH="363" HEIGHT="52" WC="0.91" CONTENT="verzwickter"/><SP WIDTH="37" VPOS="3120" HPOS="940"/>
							<String ID="string_375" HPOS="977" VPOS="3120" WIDTH="320" HEIGHT="66" WC="0.95" CONTENT="geworden:"/><SP WIDTH="39" VPOS="3120" HPOS="1297"/>
							<String ID="string_376" HPOS="1336" VPOS="3120" WIDTH="168" HEIGHT="52" WC="0.95" CONTENT="Kann"/><SP WIDTH="36" VPOS="3120" HPOS="1504"/>
							<String ID="string_377" HPOS="1540" VPOS="3141" WIDTH="129" HEIGHT="31" WC="0.96" CONTENT="man"/><SP WIDTH="36" VPOS="3141" HPOS="1669"/>
							<String ID="string_378" HPOS="1705" VPOS="3121" WIDTH="108" HEIGHT="51" WC="0.96" CONTENT="sich"/><SP WIDTH="38" VPOS="3121" HPOS="1813"/>
							<String ID="string_379" HPOS="1851" VPOS="3119" WIDTH="150" HEIGHT="52" WC="0.93" CONTENT="beim"/><SP WIDTH="36" VPOS="3119" HPOS="2001"/>
							<String ID="string_380" HPOS="2037" VPOS="3121" WIDTH="293" HEIGHT="51" WC="0.91" CONTENT="Hühnerei"/>
						</TextLine>
						<TextLine ID="line_40" HPOS="123" VPOS="3194" WIDTH="2207" HEIGHT="64">
							<String ID="string_381" HPOS="123" VPOS="3198" WIDTH="136" HEIGHT="53" WC="0.96" CONTENT="noch"/><SP WIDTH="39" VPOS="3198" HPOS="259"/>
							<String ID="string_382" HPOS="298" VPOS="3196" WIDTH="327" HEIGHT="62" WC="0.95" CONTENT="vorstellen,"/><SP WIDTH="37" VPOS="3196" HPOS="625"/>
							<String ID="string_383" HPOS="662" VPOS="3196" WIDTH="108" HEIGHT="52" WC="0.95" CONTENT="daß"/><SP WIDTH="37" VPOS="3196" HPOS="770"/>
							<String ID="string_384" HPOS="807" VPOS="3198" WIDTH="58" HEIGHT="50" WC="0.96" CONTENT="in"/><SP WIDTH="36" VPOS="3198" HPOS="865"/>
							<String ID="string_385" HPOS="901" VPOS="3196" WIDTH="214" HEIGHT="52" WC="0.96" CONTENT="seinem"/><SP WIDTH="35" VPOS="3196" HPOS="1115"/>
							<String ID="string_386" HPOS="1150" VPOS="3194" WIDTH="209" HEIGHT="54" WC="0.96" CONTENT="Innern"/><SP WIDTH="40" VPOS="3194" HPOS="1359"/>
							<String ID="string_387" HPOS="1399" VPOS="3195" WIDTH="95" HEIGHT="53" WC="0.93" CONTENT="das"/><SP WIDTH="38" VPOS="3195" HPOS="1494"/>
							<String ID="string_388" HPOS="1532" VPOS="3195" WIDTH="249" HEIGHT="61" WC="0.91" CONTENT="Kücken,"/><SP WIDTH="36" VPOS="3195" HPOS="1781"/>
							<String ID="string_389" HPOS="1817" VPOS="3214" WIDTH="163" HEIGHT="32" WC="0.96" CONTENT="wenn"/><SP WIDTH="40" VPOS="3214" HPOS="1980"/>
							<String ID="string_390" HPOS="2020" VPOS="3196" WIDTH="134" HEIGHT="52" WC="0.96" CONTENT="auch"/><SP WIDTH="38" VPOS="3196" HPOS="2154"/>
							<String ID="string_391" HPOS="2192" VPOS="3194" WIDTH="138" HEIGHT="53" WC="0.96" CONTENT="noch"/>
						</TextLine>
					</TextBlock>
				</ComposedBlock>
				<ComposedBlock ID="cblock_1" HPOS="1033" VPOS="3345" WIDTH="208" HEIGHT="52">
					<TextBlock ID="block_3" HPOS="1033" VPOS="3345" WIDTH="208" HEIGHT="52">
						<TextLine ID="line_41" HPOS="1033" VPOS="3345" WIDTH="208" HEIGHT="52">
							<String ID="string_392" HPOS="1033" VPOS="3364" WIDTH="19" HEIGHT="7" WC="0.13" CONTENT="r"/><SP WIDTH="158" VPOS="3364" HPOS="1052"/>
							<String ID="string_393" HPOS="1210" VPOS="3345" WIDTH="31" HEIGHT="52" WC="0.96" CONTENT="3"/>
						</TextLine>
					</TextBlock>
				</ComposedBlock>
			</PrintSpace>
		</Page>
	</Layout>
</alto>
