715 1000
68 60 55 17 „Alles
133 60 54 16 Leben
197 64 66 12 stammt
273 66 28 9 aus
311 60 36 15 dem
356 60 29 15 Ei“
394 69 21 1 —
424 66 17 9 so
451 59 45 15 hatte
506 59 48 15 schon
564 65 29 9 vor
603 59 46 15 mehr
659 58 22 15 als

47 83 108 16 dreihundert
169 84 60 16 Jahren
243 84 29 14 der
286 83 49 20 große
349 83 79 19 englische
441 83 78 15 Forscher
532 82 71 15 William
617 82 64 19 Harvey

47 111 61 15 gesagt,
117 107 74 15 derselbe
200 107 70 19 Harvey,
279 107 29 15 der
317 106 38 15 auch
365 107 22 14 als
396 110 52 11 erster
457 106 30 15 den
496 105 120 16 Blutkreislauf
625 105 57 19 richtig

47 130 70 15 erkannt
130 131 33 14 und
176 130 28 15 das
217 131 43 14 Herz
273 130 23 15 als
309 130 31 15 den
352 130 130 18 Pumpenmotor
495 129 27 15 des
535 129 56 15 Blutes
604 129 77 19 gedeutet

47 153 50 21 hatte.
108 154 45 15 Aber
162 154 61 17 Leben,
233 154 28 15 das
271 153 59 15 bewies
341 153 27 15 das
378 152 225 19 Brutschrank-Experiment
613 157 69 10 unserer

47 176 81 19 Freunde,
138 177 44 15 kann
192 183 31 8 nur
233 177 92 17 entstehen,
335 182 46 9 wenn
392 182 19 9 zu
423 176 28 15 der
461 175 114 16 mütterlichen
585 175 60 15 Eizelle
656 174 25 15 die

48 200 89 15 männliche
154 200 100 15 Samenzelle
271 200 41 14 tritt.
329 200 37 14 Erst
383 200 29 14 mit
429 199 28 15 der
473 198 136 19 Verschmelzung
625 198 57 15 beider

47 223 68 19 beginnt
129 224 16 14 in
160 223 28 15 der
202 223 60 15 Eizelle
277 224 36 17 jene
328 222 133 19 geheimnisvolle
475 221 125 19 Umwandlung,
614 221 25 15 die
655 226 27 9 aus

48 247 36 14 dem
94 246 101 19 Klümpchen
206 246 61 15 Eiweiß
278 246 28 14 der
316 245 43 16 Zelle
370 246 47 14 einen
427 245 91 15 herrlichen
528 244 154 19 farbenprächtigen

47 269 57 19 Vogel,
118 270 47 14 einen
179 270 70 18 riesigen
262 269 41 17 Wal,
317 269 47 14 einen
378 268 71 15 hundert
462 268 53 14 Meter
529 267 54 15 hohen
596 267 86 15 Mammut-

48 292 54 18 baum,
116 293 36 14 eine
166 291 70 16 herrlich
251 291 80 15 duftende
345 291 42 15 Rose
401 290 65 16 werden
481 290 39 15 läßt.
534 289 100 15 Samenzelle
648 289 34 15 und

48 315 60 15 Eizelle
120 324 21 1 —
152 315 48 15 beide
213 315 56 18 geben,
282 320 16 9 so
311 314 42 14 lehrt
366 313 26 15 die
404 313 99 19 Erfahrung,
516 313 28 15 das
556 312 92 19 Erbgefüge
661 312 22 14 im

48 338 72 19 gleichen
129 338 81 18 Umfange
220 338 61 14 weiter.
290 337 36 15 Was
336 337 39 19 liegt
385 336 51 15 näher
445 336 22 15 als
477 336 26 15 die
512 335 92 17 Annahme,
613 335 31 15 daß
654 334 28 15 das

48 361 62 19 Erbgut
120 362 16 14 in
146 362 54 17 jenem
210 361 34 14 Teil
255 360 29 15 der
293 360 44 15 Zelle
347 359 56 18 steckt,
413 359 31 15 den
454 358 61 16 sowohl
526 359 26 14 die
562 358 50 19 große
621 357 61 15 Eizelle

48 385 29 14 wie
87 384 26 15 die
122 384 55 15 kleine
187 383 99 15 Samenzelle
295 383 64 14 besitzt.
368 383 32 14 Das
409 382 44 14 kann
463 381 38 15 aber
510 381 51 15 nichts
571 380 68 15 anderes
648 380 34 15 sein

49 407 22 15 als
86 407 29 15 der
129 406 81 15 Zellkern.
224 406 22 15 Er
259 407 21 14 ist
295 407 16 13 in
325 405 59 15 beiden
398 399 100 30 Keimzellen
510 403 55 20 gleich
580 403 46 19 groß,
639 403 44 14 beim

48 429 92 18 Menschen,
152 429 57 15 dessen
220 429 60 15 Eizelle
293 427 215 16 zweihunderttausendmal
520 426 59 19 größer
590 426 21 14 ist
623 426 22 14 als
657 425 26 15 die

49 452 90 15 Samenzelle,
165 452 59 14 ebenso
235 457 29 9 wie
275 451 42 15 beim
327 451 58 18 Vogel,
395 450 57 15 dessen
462 449 61 15 Eizelle
534 448 48 15 durch
593 448 28 15 das
631 447 51 15 Nähr-

49 474 55 14 dotter
112 479 39 9 noch
158 473 86 15 unendlich
253 473 58 18 größer
319 473 20 14 ist
345 481 21 1 —
373 472 29 15 der
409 471 44 15 Kern
461 472 21 14 im
490 470 70 19 Vogelei
566 470 20 14 ist
594 469 37 15 auch
640 468 43 15 nicht

49 495 59 19 größer
118 495 22 15 als
152 495 29 14 der
190 494 45 15 Kern
246 494 27 15 des
284 493 129 19 mikroskopisch
424 492 66 15 kleinen
500 491 143 16 Samenfädchens.

69 517 58 14 Dieser
136 516 76 15 Zellkern
222 516 51 14 findet
282 515 32 15 sich
324 515 43 14 nicht
377 520 30 9 nur
416 515 16 14 in
443 514 19 15 der
480 512 96 19 Keimzelle,
586 513 70 15 sondern
665 513 18 18 in

48 538 47 18 jeder
102 538 44 14 Zelle
154 537 27 15 des
189 537 79 19 Körpers;
277 543 17 8 er
301 537 20 14 ist
329 537 47 14 meist
383 536 71 18 kugelig.
461 536 30 14 Ein
500 535 51 15 feines
559 535 90 17 Häutchen,
657 534 26 15 die

48 559 137 17 Kernmembran,
196 562 55 11 trennt
262 558 31 15 den
303 558 45 15 Kern
358 563 37 10 vom
405 557 94 15 Zelleiweiß.
514 557 30 14 Die
554 556 85 15 Membran
650 561 33 10 um-

49 581 68 15 schließt
127 581 35 14 eine
172 579 143 20 Kernflüssigkeit,
325 579 32 15 und
368 580 16 13 in
394 579 54 15 dieser
457 579 21 14 ist
487 578 89 15 wiederum
586 578 35 14 eine
631 577 52 15 Masse

49 602 98 17 erkennbar,
157 602 26 14 die
193 601 31 15 sich
234 602 29 14 mit
273 601 95 19 geeigneten
378 600 66 15 Mitteln
453 600 48 14 leicht
511 599 33 15 und
553 599 62 19 kräftig
625 598 58 15 färben

49 624 35 14 läßt
92 623 33 15 und
135 623 66 15 deshalb
212 615 90 30 Chromatin
312 625 71 16 genannt
390 621 35 15 wird
435 621 38 19 (vom
482 620 57 19 griech.
547 615 66 30 chroma,
622 619 62 19 Farbe).

49 645 37 14 Will
95 650 36 9 man
139 645 62 17 wissen,
208 644 59 15 welche
275 644 99 18 eigenartige
382 643 47 14 Rolle
437 643 28 14 der
472 642 45 15 Kern
525 641 32 15 und
565 642 34 14 sein
607 641 76 15 Chroma-

50 667 23 14 tin
81 667 21 14 im
109 666 54 14 Leben
172 665 76 15 derZelle
256 665 68 19 spielen,
332 670 16 9 so
357 665 37 14 muß
402 670 37 9 man
447 664 31 15 den
486 663 45 15 Kern
538 663 26 15 bei
573 663 28 15 der
608 658 75 30 „Arbeit“

49 687 105 15 beobachten.
166 687 33 15 Das
211 688 19 14 ist
242 686 62 15 freilich
316 686 43 14 nicht
371 691 39 14 ganz
422 685 52 17 leicht,
486 685 42 14 denn
540 684 43 15 Zelle
594 684 34 15 und
639 683 45 15 Kern

50 709 35 15 sind
95 709 15 18 ja
121 714 30 9 nur
161 709 57 18 winzig
228 708 49 15 klein.
288 708 29 14 Ein
327 707 97 18 Mikroskop
434 707 38 14 muß
483 704 34 19 her,
528 706 35 14 eine
574 711 49 13 ganze
633 704 51 15 Reihe

50 736 31 9 von
97 730 111 15 Chemikalien
223 729 33 15 und
271 729 69 17 Farben,
355 728 33 15 und
402 728 80 15 natürlich
497 728 26 14 ein
538 727 103 16 Lebewesen,
657 726 27 15 das

49 751 89 15 besonders
151 752 74 18 geeignet
238 752 20 14 ist
271 751 27 14 für
311 750 52 15 solche
376 749 152 18 Untersuchungen;
541 749 29 14 wir
582 748 63 14 wählen
659 747 25 15 die

50 773 55 14 feinen
118 772 129 19 Wurzelspitzen
259 773 44 14 eines
315 771 109 18 Pflänzchens,
437 771 25 15 die
475 777 28 9 aus
515 771 102 15 zahlreichen
629 770 55 15 Zellen

50 794 89 19 aufgebaut
152 794 39 15 sind.
205 793 44 15 Aber
262 793 32 17 ach,
306 794 29 14 wir
348 796 46 12 töten
407 794 22 14 sie
441 793 22 18 ja,
475 798 47 9 wenn
534 793 29 14 wir
576 793 22 14 sie
611 793 29 14 mit
653 792 31 15 den

50 815 63 15 Farben
125 815 97 18 behandeln,
234 821 17 9 so
263 815 31 14 daß
305 815 29 14 wir
345 814 51 15 nichts
408 820 31 9 von
451 814 28 15 der
491 813 58 15 Arbeit
561 813 27 15 des
600 813 84 15 Zellkerns

50 837 84 15 erkennen
143 837 70 14 können.
224 836 43 15 Doch
277 836 27 15 das
314 836 42 17 Bild,
366 836 27 15 das
403 835 31 15 sich
444 841 29 9 uns
483 839 49 11 unter
541 835 37 15 dem
587 834 97 19 Mikroskop

51 858 56 18 bietet,
118 858 27 15 das
156 858 36 15 Bild
204 864 31 8 von
247 858 52 14 vielen
310 857 71 15 hundert
393 857 60 17 Zellen,
464 857 34 14 läßt
510 856 31 15 sich
553 860 43 11 trotz
608 856 28 15 der
648 856 36 15 Zer-

50 882 67 17 störung
130 880 39 15 noch
182 879 44 15 recht
239 883 27 15 gut
280 879 65 17 deuten,
358 885 17 9 so
388 879 31 14 daß
432 879 28 14 wir
473 884 30 9 uns
516 878 35 15 eine
565 877 66 20 richtige
644 877 40 15 Vor-

50 901 70 20 stellung
135 907 36 9 vom
186 901 76 15 Zellkern
278 900 32 15 und
326 901 53 14 seiner
394 899 83 19 Tätigkeit
492 899 66 15 machen
574 899 71 15 können.
660 898 24 15 Da

50 923 53 15 finden
118 923 28 14 wir
160 923 52 18 einige
227 922 60 18 Zellen,
301 922 25 15 die
341 922 31 15 sich
386 921 59 19 gerade
460 921 55 15 teilen.
529 920 49 17 Jedes
592 920 92 16 Wachstum

358 965 18 15 18
