715 1000
26 50 95 18 generation
131 49 42 19 (F-2)
183 49 98 15 bekommen
290 50 29 14 wir
329 50 92 19 reinerbige
431 50 29 14 AA
470 48 60 21 (2500),
539 49 93 19 reinerbige
642 55 18 9 aa

28 69 55 21 (25°/o)
93 71 33 15 und
134 70 137 20 Gemischterbige
281 70 62 20 (50/0),
351 71 69 15 nämlich
428 71 23 15 aA
460 70 55 20 (25°/0)
525 70 34 16 und
566 70 24 15 Aa
600 69 61 20 (25°),

26 98 32 9 was
72 92 55 15 beides
142 92 28 15 das
184 92 60 19 gleiche
258 93 28 16 ist;
300 92 47 15 dabei
361 92 41 15 wird
415 93 58 14 immer
487 95 128 16 vorausgesetzt,
630 91 30 15 daß

26 109 83 28 sämtliche
120 109 254 33 Kombinationsmöglichkeiten
386 114 83 18 erschöpft
481 113 41 18 sind,
533 119 32 9 was
577 113 42 15 eben
630 119 31 8 nur

27 135 70 17 eintritt,
106 140 47 10 wenn
163 140 43 12 man,
215 135 30 16 wie
255 134 49 15 Peter
314 135 33 15 und
356 135 67 18 Martin,
432 134 27 16 bei
468 135 74 19 wenigen
552 134 60 16 Tieren
622 134 39 15 oder

27 156 76 15 Pflanzen
113 155 35 16 viel
161 156 50 15 Glück
224 156 28 15 hat
265 156 39 15 oder
318 156 44 18 aber,
375 162 47 9 wenn
434 162 38 9 man
484 157 30 14 mit
527 155 37 16 sehr
577 156 32 15 viel
622 155 39 15 Ver-

27 177 100 15 suchstieren
138 177 39 15 oder
188 177 80 19 -pflanzen
280 177 75 18 arbeitet,
365 178 30 14 wie
406 183 16 9 es
433 177 49 15 Pater
493 177 66 15 Mendel
570 180 48 16 getan
629 177 32 14 hat.

48 199 44 15 Doch
102 202 65 12 vorerst
177 204 52 13 genug
239 204 32 9 von
281 198 108 15 Mathematik
399 199 33 15 und
442 198 140 15 Kombinationen
591 207 21 2 —
622 199 40 17 jetzt

28 220 28 19 gilt
68 226 22 12 es,
101 220 40 15 noch
152 220 60 15 einmal
223 221 16 14 in
251 220 25 15 die
287 220 112 15 Geheimnisse
411 220 28 15 der
450 220 60 15 Eizelle
522 219 140 20 hinabzusteigen.

130 312 59 15 Vom
196 311 114 17 Zellkern
317 312 49 16 und
373 313 80 15 seiner
460 312 101 20 Teilung

50 398 19 15 In
77 398 57 16 Peters
144 398 127 16 Nachbarschaft
280 399 55 15 wohnt
344 399 28 15 der
382 399 70 15 Tischler
462 399 55 15 Anton
527 399 99 18 Hämmerle,
636 399 28 15 der

30 420 31 15 sich
69 420 99 19 neuerdings
176 420 68 15 Hühner
252 420 39 15 hält.
299 420 22 15 Er
328 421 21 15 ist
357 426 40 14 ganz
405 421 41 15 stolz
455 421 28 15 auf
491 421 26 15 die
525 420 62 26 kräftig
595 421 69 15 schwarz

30 442 33 15 und
72 441 41 15 weiß
123 428 126 38 gesprenkelten
259 441 43 16 sechs
312 442 74 17 Hennen,
396 442 27 15 für
433 442 25 15 die
468 442 39 15 auch
517 443 26 14 ein
552 442 48 15 Hahn
610 442 19 15 da
639 442 25 15 ist.

30 463 44 15 Aber
88 463 70 15 welchen
172 461 52 21 Ärger
238 463 35 19 gibt
287 469 22 12 es,
323 463 23 15 als
360 463 26 15 die
401 463 69 15 Hühner
484 463 44 15 nicht
543 464 35 14 rein
593 464 72 17 züchten,

31 484 14 15 d.
54 484 16 15 h.
78 484 44 15 nicht
131 484 32 15 alle
172 484 61 15 wieder
241 485 118 14 schwarz-weiß
369 484 71 16 werden!
451 485 59 15 Immer
520 484 60 15 wieder
588 484 77 15 kommen

30 505 67 15 Kücken
108 511 29 10 zur
148 505 48 19 Welt,
207 506 25 15 die
244 512 19 9 zu
274 505 91 16 schwarzen
376 506 89 15 Hähnchen
476 506 39 15 oder
527 506 70 15 Hennen
608 506 57 15 heran-

30 527 78 18 wachsen,
117 527 33 15 und
159 527 59 15 ebenso
227 527 42 15 viele
277 528 51 14 weiße
337 527 69 15 Hühner
414 527 56 15 laufen
479 527 78 15 zwischen
566 527 28 15 der
603 527 62 18 Haupt-

31 554 51 10 masse
94 548 29 16 der
134 549 118 15 schwarz-weiß
264 548 131 20 Gesprenkelten
406 549 62 14 herum.
482 549 39 19 (Das
533 548 46 15 Weiß
591 549 21 15 ist
623 548 43 15 nicht

31 575 40 14 ganz
81 571 35 14 rein
126 570 47 18 weiß,
184 570 39 15 aber
233 576 37 9 man
280 570 38 15 muß
329 570 48 15 schon
387 570 37 15 sehr
435 576 52 13 genau
498 570 84 17 hinsehen,
593 576 27 9 um
630 570 36 15 eine

31 591 44 15 feine
87 591 61 16 dunkle
159 592 114 19 Sprenkelung
285 592 83 15 erkennen
380 597 18 9 zu
410 591 78 19 können.)
501 591 49 15 Peter
560 591 34 15 und
605 591 61 15 Martin

32 613 49 15 sehen
89 613 31 15 sich
129 613 27 15 das
164 614 36 14 eine
208 613 51 15 Weile
267 614 29 14 mit
304 619 20 9 an
331 613 34 15 und
372 613 66 15 können
447 613 42 14 dann
497 612 67 15 Meister
573 612 93 15 Hämmerle

32 634 82 18 erklären,
125 640 62 9 warum
199 634 28 16 das
239 640 17 10 so
268 635 21 15 ist
300 644 21 1 —
332 635 21 18 ja,
365 640 62 9 warum
439 640 16 9 es
467 640 17 9 so
497 635 34 14 sein
543 634 44 17 muß,
599 634 33 14 und
644 634 23 14 sie

32 655 53 16 haben
94 662 16 9 es
119 662 29 13 gar
156 656 64 19 wichtig
228 657 30 14 mit
267 656 45 15 ihrer
320 655 116 20 Feststellung,
445 656 32 15 daß
486 655 103 15 Hämmerles
598 655 70 15 Hühner

32 677 39 15 nach
85 677 37 15 dem
135 677 123 19 Mirabilis-Typ
271 677 73 15 züchten.
358 678 33 14 Der
405 668 75 25 Nachbar
494 678 38 15 aber
546 678 28 15 hat
589 678 25 15 die
628 678 40 15 Lust

32 704 20 9 an
62 699 62 15 seinem
133 698 92 16 Federvieh
235 699 82 18 verloren,
326 699 33 15 und
370 705 17 9 so
398 699 86 15 schlachtet
494 705 18 9 er
522 699 76 15 zunächst
609 699 59 15 einmal

33 720 30 15 alle
77 720 65 18 Hähne;
156 720 43 15 denn
213 720 26 15 die
253 720 68 15 Hühner
335 720 52 16 sollen
400 720 80 16 natürlich
494 721 57 15 weiter
565 721 38 15 Eier
616 721 52 19 legen,

33 747 31 10 was
78 742 23 15 sie
115 742 39 15 auch
168 742 54 19 fleißig
236 741 85 20 besorgen.
336 742 44 15 Aber
394 748 59 9 unsere
467 743 61 18 jungen
542 742 76 15 Freunde
633 742 36 15 sind

33 762 47 16 dabei
94 763 28 15 auf
135 764 26 14 ein
174 769 50 9 neues
237 763 77 15 Problem
327 763 85 19 gestoßen:
427 763 34 15 Wie
474 764 21 14 ist
509 763 27 15 das
550 763 85 19 eigentlich
648 772 21 2 —

33 784 41 15 wird
87 790 28 10 aus
130 785 53 15 einem
197 784 24 18 Ei,
235 784 28 16 das
277 784 52 18 „nur“
343 791 32 9 von
389 785 29 15 der
432 785 57 15 Henne
504 788 71 14 stammt,
590 785 38 15 auch
643 785 26 14 ein

33 806 100 15 Hühnchen?
143 806 65 15 Wieder
217 806 64 15 denken
291 807 23 14 sie
323 806 44 15 nicht
376 806 47 19 lange
432 806 45 18 nach,
486 806 71 15 sondern
568 807 101 18 experimen-

33 828 58 14 tieren.
105 827 31 15 Die
150 827 38 15 Eier
202 827 77 15 kommen
292 828 17 14 in
323 827 31 15 den
368 827 119 18 Brutschrank;
502 827 38 15 aber
555 827 25 16 die
594 828 41 17 Zeit,
650 827 19 15 da

33 848 132 16 normalerweise
174 849 26 15 die
208 849 67 15 Kücken
284 849 53 19 längst
346 849 91 19 geschlüpft
446 850 34 14 sein
489 850 70 16 müssen,
568 849 102 17 verstreicht,

34 870 42 15 ohne
90 870 31 15 daß
134 870 31 15 sich
178 874 50 12 etwas
241 874 40 15 regt.
294 870 24 15 Im
331 870 91 19 Gegenteil,
435 870 28 15 das
477 871 67 18 einzige,
557 876 32 9 was
602 870 26 15 bei
641 870 29 15 der

34 897 61 13 ganzen
109 891 93 16 Geschichte
216 898 36 9 zum
266 892 57 15 Schluß
337 892 129 18 herauskommt,
480 892 20 15 ist
514 893 26 13 ein
554 891 56 16 höchst
623 891 47 16 übler

34 913 69 16 Geruch!

344 957 18 14 17
