715 1000
26 61 26 14 ein
59 59 83 16 einzelnes
152 58 35 16 Gen
196 59 30 14 mit
236 59 53 15 einem
299 59 84 15 einzelnen
392 59 114 16 Partikelchen
516 60 53 15 seiner
579 59 80 18 Strahlen,

27 82 28 14 mit
64 81 53 15 einem
127 80 73 19 einzigen
210 79 102 20 Lichtquant,
323 80 85 19 getroffen,
418 81 33 15 und
461 82 36 14 eine
507 81 60 15 andere
577 81 82 15 Mutation

27 108 31 9 war
72 102 26 15 die
110 100 55 20 Folge.
179 101 69 15 Freilih
261 110 21 2 —
295 102 67 15 niemals
376 102 45 15 hatte
435 108 18 9 er
466 108 109 13 voraussagen
590 102 70 17 können,

27 129 41 10 was
80 123 27 15 bei
120 122 29 15 der
161 122 83 15 Mutation
254 122 89 16 ‘entstehen
356 123 62 18 würde;
432 123 39 15 aber
484 124 38 15 auch
536 124 16 14 in
565 124 29 15 der
606 124 53 15 freien

27 145 52 15 Natur
92 144 51 19 gehen
157 144 26 15 die
196 143 104 16 Mutationen
313 144 75 15 offenbar
401 145 50 19 regel-
465 145 33 15 und
511 144 55 16 ziellos
580 151 29 9 vor
623 145 36 15 sich.

27 166 43 16 Doch
77 167 16 18 je
100 165 50 15 tiefer
158 165 26 15 die
191 165 78 15 Forscher
277 166 16 14 in
301 165 26 15 die
334 166 112 15 Geheimnisse
454 166 29 15 der
491 166 127 15 Chromosomen
627 166 32 15 und

27 188 28 15 der
63 187 44 15 Gene
116 186 102 19 eindringen,
226 186 46 15 desto
280 187 46 15 mehr
335 188 48 18 steigt
392 187 38 15 auch
439 187 26 15 die
473 187 79 18 Aussicht,
561 193 36 9 man
606 187 53 15 werde

27 210 43 14 eines
79 208 51 19 Tages
140 208 28 15 das
177 207 63 20 Erbgut
249 213 17 10 so
276 214 52 13 genau
337 208 70 18 kennen,
416 208 31 15 daß
456 215 37 8 man
503 209 38 15 auch
551 209 109 19 „gerichtete“

27 230 103 16 Mutationen
137 229 42 15 wird
188 229 75 18 erzielen,
272 229 31 15 daß
312 235 37 9 man
358 230 33 14 also
401 230 25 15 die
435 230 101 19 Erbanlagen
545 230 66 15 bewußt
620 230 40 15 wird

28 251 90 16 verändern
128 250 66 16 können
203 259 21 2 —
233 251 36 15 eine
279 250 79 18 Aussicht,
368 251 26 15 die
403 251 82 15 wahrhaft
495 251 97 15 schwindeln
601 251 58 15 macht!

47 271 105 20 Drosophila,
164 272 26 15 die
202 271 91 15 millionen-
305 272 33 15 und
351 272 162 15 abermillionenfach
526 273 92 18 gezüchtete,
636 279 24 12 ge-

28 295 72 17 kreuzte,
111 294 17 14 in
139 293 202 15 Mutationensversuchen
354 293 111 20 geschundene
477 294 81 19 Taufliege
571 294 38 15 aber
621 294 40 18 barg

28 316 39 15 noch
79 315 46 15 mehr
138 321 20 9 an
170 313 134 20 Überraschungen:
334 315 49 15 Eines
396 315 50 19 Tages
459 315 62 15 konnte
533 321 37 9 man
583 315 26 15 die
622 315 38 15 Erb-

29 337 67 19 anlagen
110 336 27 16 bei
152 336 99 19 Drosophila
267 342 47 13 sogar
329 336 55 15 sehen!
400 336 32 15 Das
448 336 79 15 erscheint
543 337 75 15 zunächst
633 342 27 9 un-

29 358 84 20 glaublich,
125 363 47 10 wenn
185 363 38 9 man
236 357 78 18 bedenkt,
327 358 31 14 daß
372 358 50 15 selbst
435 359 22 13 im
470 358 82 15 stärksten
564 358 97 18 Mikroskop

29 381 25 14 ein
66 379 203 19 Taufliegenchromosom,
282 379 28 15 das
324 378 84 16 höchstens
422 379 34 15 drei
469 379 25 15 bis
507 380 35 14 vier
554 379 107 15 Tausendstel

30 402 42 15 eines
81 401 103 15 Millimeters
194 400 37 19 lang
240 401 26 17 ist,
275 406 31 9 nur
315 400 22 15 als
347 400 51 15 Strich
408 400 84 15 erscheint.
500 400 37 15 Nun
546 409 21 1 —
576 406 15 9 es
600 400 61 15 scheint

30 422 96 18 tatsächlich,
136 422 22 15 als
168 422 42 15 habe
220 422 26 14 die
255 421 53 15 Natur
317 421 26 15 die
352 422 83 19 Taufliege
444 427 31 9 nur
485 422 26 14 für
521 422 26 14 die
556 421 105 16 Erbforscher

30 443 94 21 geschaffen:
134 443 121 19 Ausgerechnet
264 444 16 14 in
289 443 47 14 ihren
345 443 188 19 Speicheldrüsenzellen
541 443 53 19 liegen
603 444 58 13 riesen-

30 466 34 15 haft
77 465 105 19 vergrößerte
195 464 92 18 Zellkerne,
300 464 33 15 und
346 465 17 14 in
376 464 49 15 ihnen
438 464 133 18 Chromosomen,
584 464 77 15 hundert-

29 487 32 15 und
74 486 138 15 zweihundermal
225 486 59 19 größer
296 486 23 15 als
332 486 26 15 die
370 485 105 18 „normalen“
488 486 16 14 in
517 486 31 14 den
561 485 100 15 Keimzellen

29 517 20 2 —
62 513 58 10 unsere
134 508 65 15 hintere
213 507 128 19 Umschlagseite
356 508 41 18 zeigt
412 508 26 14 ein
453 507 52 15 Photo
520 507 62 15 solcher
597 507 64 14 Riesen-

31 530 125 15 chromosomen:
171 529 25 15 Da
211 529 42 15 sieht
267 534 38 9 man
319 534 33 9 nun
367 529 39 19 groß
420 528 34 15 und
469 528 71 15 deutlich
555 528 26 15 die
595 528 67 15 Verkle-

31 552 68 18 bungen,
108 551 27 15 die
144 550 122 19 Zerstörungen
275 550 49 15 durch
335 550 30 15 den
375 550 152 19 Röntgenbeschuß,
536 549 33 15 und
580 549 19 15 da
609 549 53 19 liegen

30 574 21 14 im
67 572 69 15 vielfach
153 571 124 20 vergrößerten,
294 571 97 19 lebendigen
408 571 61 15 Modell
486 571 26 15 die
529 570 45 16 Gene
590 570 72 15 wirklich

31 594 91 20 aufgereiht
129 594 30 15 wie
167 593 26 15 die
201 593 59 15 Perlen
268 593 28 15 auf
304 593 29 15 der
340 593 65 15 Schnur.
413 592 55 15 Selten
476 592 35 15 sind
519 592 55 15 kühne
581 592 81 15 Theorien

30 616 43 15 eines
87 615 75 20 genialen
176 614 85 16 Forschers
276 614 48 15 durch
339 614 31 15 den
384 614 112 19 Augenschein
509 619 17 10 so
540 613 83 19 großartig
637 613 25 14 be-

30 637 55 19 stätigt
99 636 66 16 worden
178 637 30 14 wie
221 635 77 20 Morgans
312 635 107 20 Anschauung
433 641 31 9 von
478 635 29 15 der
520 634 101 20 Anordnung
634 634 29 15 der

31 659 44 15 Gene
83 659 22 14 im
115 658 112 15 Chromosom.

111 720 55 17 ae
261 721 11 15 q

61 711 49 33 Vsedn

360 715 45 19 mh
434 725 9 15 9
473 722 15 18 st
506 720 36 20 fa

71 913 24 12 Die
102 913 95 15 Morgan'sche
203 913 147 12 Chromosomenkarte
356 912 36 12 oben
399 912 36 15 zeigt
441 911 61 12 dieselbe
507 911 90 15 Reihenfolge
604 911 24 11 der

72 929 38 12 Gene
119 936 4 2 -
132 929 93 15 symbolisiert
231 929 40 12 durch
277 929 84 12 Buchstaben
369 935 5 2 -
383 929 26 11 wie
416 929 24 11 das
446 928 134 12 Riesenchromosom
586 928 42 10 unten

340 969 20 14 29
