715 1000
46 39 56 19 jalapa
116 39 60 19 gelten:
190 39 30 15 Die
235 39 58 15 Blüten
308 39 28 15 der
351 44 28 10 aus
393 39 45 15 einer
451 38 89 19 Kreuzung
553 38 41 15 weiß
608 37 33 16 und
656 41 25 11 rot

47 60 91 16 blühender
155 61 140 15 Wunderblumen
312 60 145 19 hervorgehenden
474 60 94 19 Mischlinge
585 59 36 15 sind
638 65 44 12 rosa;

47 81 58 16 kreuzt
117 88 37 9 man
166 82 39 15 aber
217 82 52 15 solche
281 88 36 9 rosa
329 82 93 15 blühenden
434 81 144 17 Wunderblumen,
590 87 17 9 so
620 80 33 20 gibt
665 86 16 9 es

46 104 40 14 nach
97 104 36 15 dem
143 104 135 18 obengenannten
289 104 67 14 zweiten
366 103 113 15 Mendelschen
489 103 59 15 Gesetz
558 103 16 14 in
585 102 28 15 der
623 101 58 16 Enkel-

47 126 96 18 generation
155 126 20 14 25
188 125 70 15 Prozent
271 129 31 14 rot,
315 125 20 15 50
347 125 71 15 Prozent
431 130 36 9 rosa
480 124 33 15 und
525 124 19 14 25
557 123 71 15 Prozent
640 123 41 15 weiß

46 146 83 16 blühende
138 147 169 15 Mirabilis-Pflanzen.

68 172 44 15 Ganz
126 172 99 18 bestimmte,
240 173 58 14 immer
311 172 146 15 wiederkehrende
471 172 170 15 Zahlenverhältnisse
656 172 26 15 be-

47 193 63 16 kommt
120 199 37 9 man
168 194 38 14 aber
216 194 160 15 selbstverständlich
387 194 44 17 auch,
441 200 46 9 wenn
497 200 38 9 man
544 194 57 15 Peters
611 194 70 14 Versuch

47 216 30 14 mit
86 215 30 15 den
126 215 89 15 schwarzen
224 215 33 15 und
267 216 62 14 weißen
338 215 154 15 Meerschweinchen
502 215 70 19 beliebig
581 215 25 15 oft
615 215 66 15 wieder-

47 236 42 18 holt;
102 236 29 15 der
144 236 87 19 glückliche
244 236 54 15 Zufall
311 236 45 15 hatte
369 238 22 13 sie
404 237 34 14 ihm
450 237 15 18 ja
479 236 47 15 schon
539 236 43 15 beim
595 236 86 15 erstenmal

47 258 77 19 gegeben:
134 258 19 15 75
162 258 70 15 Prozent
241 258 81 15 Schwarze
332 258 32 15 und
374 258 19 15 25
401 258 71 15 Prozent
480 258 61 14 Weiße.
550 257 78 15 Dasselbe
637 255 44 17 hatfe

47 279 65 15 Mendel
126 279 26 15 bei
166 280 56 14 seinen
236 279 61 15 Erbsen
312 279 88 19 gefunden,
414 279 22 15 als
451 285 17 9 er
483 280 35 14 eine
533 279 105 19 gelbschalige
653 279 28 14 mit

47 302 46 13 einer
106 301 122 18 grünschaligen
241 300 48 15 Sorte
302 300 68 15 kreuzte
383 309 21 2 —
417 300 71 15 weshalb
501 306 37 9 man
552 300 44 15 diese
609 300 31 15 Art
654 300 27 15 der

47 322 97 19 Vererbung
159 322 30 15 den
204 322 118 18 „Pisum-Typ“
337 322 43 19 (vom
395 322 104 14 lateinischen
514 322 55 14 Pisum
583 322 27 14 für
625 321 57 19 Erbse)

47 347 57 11 nennt:
120 343 43 16 Stets
179 349 33 9 war
228 343 25 15 die
269 347 43 11 erste
328 343 218 19 Nachkommengeneration
562 343 120 15 ausschließlich

47 364 102 20 gelbschalig.
162 365 32 15 Das
206 365 43 14 nicht
260 371 29 8 zur
301 364 110 19 Auswirkung
423 364 106 19 gekommene
541 364 62 19 Erbgut
616 364 27 15 für
655 364 27 15 das

47 387 82 14 Merkmal
137 386 101 19 grünschalig
246 386 63 19 (Peters
317 386 46 15 Weiß
371 386 124 18 entsprechend)
504 386 21 14 ist
533 385 47 15 dabei
588 385 94 15 keinesfalls

48 408 132 17 verschwunden,
192 414 16 9 es
220 408 21 14 ist
252 413 31 9 nur
295 407 88 19 verdrängt
395 407 34 15 und
440 407 85 19 gleichsam
537 406 145 19 zurückgewichen.

48 429 72 15 Deshalb
135 433 51 11 nennt
202 434 37 9 man
254 428 53 16 solche
322 428 110 15 überdeckten
448 428 96 18 Merkmale,
559 434 13 8 wie
605 428 27 15 das
648 433 35 9 ver-

49 451 68 18 drängte
126 450 46 16 Grün
180 450 39 15 oder
228 450 28 15 das
264 450 98 18 verdrängte
371 449 52 18 Weiß,
431 450 39 14 nach
479 449 36 15 dem
523 449 105 15 lateinischen
637 449 46 14 Wort

48 472 83 18 recedere,
144 471 136 18 zurückweichen,
308 472 97 14 rezessiv.
418 471 77 19 Dagegen
507 471 41 14 wird
560 470 28 15 das
601 470 40 15 Gelb
655 470 28 15 der

48 494 57 17 Erbse,
115 494 27 14 das
152 493 72 15 Schwarz
235 493 27 15 des
271 492 169 18 Meerschweinchens,
450 492 33 15 also
494 493 35 14 eine
539 491 109 19 Eigenschaft,
658 491 25 15 die

49 515 31 15 sich
90 515 130 15 vorherrschend
230 514 112 19 durchgesetzt
353 514 32 17 hat,
396 514 22 14 als
445 514 92 14 dominant
560 513 94 14 bezeichnet
663 521 21 2 —

48 542 37 10 vom
98 536 106 16 lateinischen
217 537 90 17 dominare,
319 536 113 15 beherrschen.
446 536 35 14 Daß
495 535 28 15 das
536 536 80 14 rezessive
629 534 54 15 Merk-

49 558 32 15 mal
95 558 79 15 durchaus
188 558 40 14 noch
243 558 19 14 da
276 559 25 16 ist,
315 557 45 15 hatte
374 558 31 14 sich
419 558 16 18 ja
450 557 47 15 schon
511 558 16 13 in
541 557 57 14 Peters
612 556 71 15 Versuch

49 580 84 17 erwiesen,
145 579 27 15 “als
188 579 75 19 plötzlich
280 580 15 14 in
312 579 28 15 der
357 579 148 19 Enkelgeneration
523 579 41 19 (F-2)
581 579 60 15 wieder
658 580 25 14 ein

49 601 59 15 weißes
118 601 37 14 Tier
166 601 99 14 auftauchte.
277 600 35 15 Und
322 600 38 15 auch
370 601 26 14 bei
406 600 73 15 Mendels
490 600 62 15 Erbsen
562 601 30 18 gab
602 606 16 10 es
628 602 16 13 in
655 600 29 15 der

50 622 137 15 F-2-Generation
195 622 61 15 wieder
264 621 110 20 grünschalige
383 622 67 17 Erbsen,
459 627 51 14 genau
519 622 19 14 25
547 622 71 15 Prozent
627 628 56 13 gegen-

50 644 39 14 über
104 643 31 15 den
150 643 34 15 drei
198 643 74 15 Vierteln
287 643 120 19 gelbschaliger.
421 643 30 15 Die
466 643 174 15 Nachkommenschaft
655 643 28 15 der

49 665 19 15 25
77 665 71 15 Prozent
163 674 11 1 —
178 665 35 19 der
222 664 67 15 Weißen
298 664 26 15 bei
333 664 31 15 den
372 664 156 16 Meerschweinchen
536 664 33 15 und
579 664 28 15 der
616 665 67 14 Grünen

50 686 26 15 hei
88 686 30 15 den
131 686 62 15 Erbsen
205 695 21 1 —
237 686 56 17 bleibt,
306 691 46 9 wenn
365 692 36 8 man
414 687 22 14 sie
449 687 29 13 mit
490 686 117 19 ihresgleichen
620 686 64 17 kreuzt,

50 708 33 15 also
94 711 48 11 unter
153 707 31 15 sich
195 707 114 15 weiterzüchtet,
333 707 82 19 reinerbig
426 707 41 15 weiß
478 707 148 19 beziehungsweise
638 708 45 18 grün.

50 729 35 15 Von
98 729 30 14 den
140 729 19 14 75
171 729 70 14 Prozent
254 729 28 14 der
294 728 57 19 gelben
363 728 62 15 Erbsen
437 728 39 15 oder
489 728 28 15 der
529 728 90 15 schwarzen
631 728 52 15 Meer-

50 750 107 15 schweinchen
168 750 39 15 aber
216 750 63 14 züchtet
288 756 26 8 ein
323 750 40 17 Teil,
372 750 33 14 und
414 756 42 8 zwar
465 750 60 15 wieder
534 750 19 15 25
563 750 71 15 Prozent
644 750 40 14 aller

50 771 115 19 Angehörigen
175 771 28 15 der
212 772 68 14 zweiten
289 771 195 19 Mischlingsgeneration,
493 772 35 14 rein
537 772 57 14 weiter
602 780 21 2 —
632 776 52 14 genau

50 799 17 9 so
79 793 32 15 viel
124 793 33 15 also
170 794 29 13 wie
211 793 26 14 die
250 792 53 15 Roten
315 793 16 14 in
344 792 68 15 Martins
424 793 77 14 Versuch!
514 793 30 14 Die
556 792 127 15 Nachkommen-

50 814 51 15 schaft
114 814 28 15 der
154 814 85 15 restlichen
251 815 19 14 50
282 814 70 14 Prozent
364 814 91 15 schließlich
467 814 60 19 spaltet
538 815 17 14 in
566 814 30 15 der
608 814 76 15 nächsten

50 836 101 15 Generation
162 836 41 18 (F-3)
214 836 16 14 in
241 835 28 15 der
280 835 70 19 gleichen
362 835 52 15 Weise
425 836 27 14 auf
462 836 30 14 wie
503 836 16 14 in
529 835 33 15 F-1.
573 835 78 15 Erwähnt
662 836 22 14 sei

50 863 20 9 an
83 857 53 15 dieser
149 857 55 17 Stelle,
217 857 31 14 daß
262 857 26 14 die
301 856 105 16 Erbforscher
419 857 26 15 die
458 857 187 19 Ausgangsgeneration,
658 856 26 15 die

50 878 115 15 Stammeltern
180 879 39 17 also,
232 879 28 14 mit
274 878 12 15 P
300 878 102 18 bezeichnen,
416 878 38 15 nach
469 878 36 15 dem
519 878 104 15 lateinischen
638 878 46 15 Wort

50 904 82 15 parentes,
142 900 25 15 die
177 899 61 15 Eltern.

358 943 19 15 14
