715 1000
48 45 21 15 im
78 44 45 16 Falle
134 45 28 15 der
170 45 108 15 dominanten
288 43 102 19 Vererbung,
399 44 30 14 wie
439 44 23 14 sie
472 43 27 15 die
509 43 58 20 gelben
576 44 34 16 und
619 46 61 18 grünen

47 66 62 15 Erbsen
119 67 33 15 und
164 66 26 15 die
201 66 90 15 schwarzen
301 65 34 15 und
346 65 64 15 weißen
420 64 157 16 Meerschweinchen
588 66 92 19 aufweisen,

48 87 59 16 besitzt
116 88 29 15 der
153 87 85 19 Mischling
248 93 7 9 z
262 88 40 14 wei
311 86 80 20 Anlagen,
400 92 32 9 von
442 86 54 15 denen
505 87 37 14 eine
552 86 39 16 aber
600 87 80 16 erheblich

47 109 69 19 größere
128 108 49 16 Kraft
189 115 29 9 zur
229 108 98 19 Entfaltung
339 108 59 15 besitzt
411 108 23 15 als
447 108 26 15 die
484 107 62 16 andere
558 108 33 15 und
604 109 31 15 sich
647 109 33 16 des-

48 131 38 15 halb
98 130 49 16 allein
158 130 96 15 durchsetzt.

69 155 48 15 Diese
131 155 114 19 Feststellung,
259 160 19 9 zu
292 154 29 15 der
335 154 25 15 die
374 154 60 15 beiden
448 154 125 15 Naturfreunde
587 154 49 16 Peter
649 156 32 14 und

48 176 61 15 Martin
123 177 30 14 mit
168 176 31 15 viel
214 176 55 18 Glück,
284 176 62 19 einiger
361 175 141 20 Forschergeduld
516 175 34 15 und
564 176 43 15 nicht
622 176 59 16 zuletzt

49 198 42 15 dank
105 198 44 15 ihrer
163 197 152 16 Aufmerksamkeit
329 198 16 14 in
360 197 28 15 der
402 197 170 15 Mathematikstunde
586 197 95 19 gekommen

48 225 60 12 waren,
116 220 21 14 ist
146 219 76 18 dieselbe,
232 219 25 15 die
266 219 38 15 auch
314 218 63 20 Gregor
385 218 67 15 Mendel
461 224 30 9 vor
499 218 34 15 fast
542 218 71 16 hundert
622 219 59 17 Jahren

49 240 80 20 getroffen
143 241 33 15 und
189 242 16 13 in
219 241 56 15 seinen
288 240 102 15 zahlreichen
404 240 94 15 Versuchen
512 240 79 19 gesichert
604 240 34 16 hat:
652 241 29 15 Die

49 262 110 19 Aufspaltung
172 262 28 15 der
213 262 149 19 Enkelgeneration
374 262 21 15 ist
406 267 32 9 nur
450 267 20 9 zu
482 261 94 18 verstehen,
587 267 47 10 wenn
646 268 36 9 man

49 285 84 17 annimmt,
149 284 31 15 daß
196 284 27 14 für
239 283 37 19 jede
292 283 82 15 äußerlich
390 282 71 16 sichtbar
476 282 88 16 werdende
580 283 102 19 Eigenschaft

49 309 40 12 stets
103 306 38 14 zwei
155 305 73 19 Anlagen
242 305 95 15 vorhanden
352 304 41 18 sind,
407 305 25 15 die
446 304 44 15 beim
504 304 71 15 Werden
590 304 27 15 des
631 310 51 9 neuen

50 326 65 16 Wesens
126 333 31 9 von
166 327 51 15 Vater
227 326 33 15 und
269 326 63 15 Mutter
342 326 29 15 her
381 326 32 15 sich
423 325 151 16 zusammenfinden
584 326 33 15 und
626 327 16 14 in
653 326 29 15 den

51 348 88 19 folgenden
157 348 122 15 Generationen
298 348 38 15 nach
355 347 31 16 den
404 347 81 15 Gesetzen
504 347 29 15 der
550 346 132 16 Kombinations-

50 370 81 19 rechnung
144 370 60 15 wieder
217 369 119 19 „aufspalten“.
350 369 31 15 Um
394 369 32 15 sich
439 368 27 16 bei
479 368 29 16 der
521 368 121 20 Beschreibung
656 368 27 16 der

50 391 80 15 Versuche
138 391 25 15 die
171 391 49 15 Mühe
228 391 28 15 der
264 391 73 15 reichlich
345 390 110 20 langatmigen
462 389 221 20 Merkmalsbezeichnungen

50 418 19 10 zu
80 418 82 13 ersparen,
173 413 26 15 bei
210 413 52 15 denen
272 418 37 9 man
320 412 57 16 zudem
388 413 58 15 immer
456 413 40 15 noch
507 412 106 16 hinzusetzen
623 413 60 18 müßte,

51 434 19 15 ob
82 435 22 14 sie
116 434 83 15 dominant
210 434 40 15 oder
261 434 70 15 rezessiv
342 434 41 18 sind,
394 434 28 15 hat
432 434 67 15 Mendel
510 434 26 15 die
547 434 62 19 Anlage
620 435 28 14 für
659 435 24 14 ein

51 455 100 16 bestimmtes
162 455 80 15 Merkmal
252 455 63 15 einfach
326 456 29 15 mit
365 456 54 15 einem
429 455 103 16 Buchstaben
542 455 100 19 bezeichnet,
652 456 32 15 und

51 482 41 10 zwar
112 477 159 15 selbstverständlich
291 477 25 15 die
336 477 79 15 einander
434 477 141 19 entsprechenden
595 477 89 15 Merkmale

51 498 98 19 (Weiß-Rot,
165 498 131 18 Weiß-Schwarz,
310 498 102 19 Gelb-Grün)
427 499 30 14 mit
472 498 89 16 denselben
576 498 108 18 Buchstaben;

52 526 17 9 er
83 520 28 15 hat
126 521 22 14 sie
164 520 38 15 aber
218 520 69 15 dadurch
303 520 130 17 unterschieden,
448 520 31 15 daß
495 526 17 9 er
528 520 37 15 dem
580 520 103 15 dominanten

51 541 81 15 Merkmal
145 541 30 15 den
188 541 62 20 großen
263 541 101 15 Buchstaben
378 541 35 20 gab,
426 542 27 14 für
467 541 28 16 das
508 542 81 15 rezessive
603 541 39 16 aber
655 541 29 15 den

52 562 65 16 kleinen
126 563 64 15 wählte.
200 563 29 15 Bei
239 563 28 15 der
277 563 88 19 Kreuzung
375 569 32 9 von
416 563 92 15 schwarzen
518 563 34 15 und
561 563 63 15 weißen
633 562 51 16 Meer-

52 584 108 15 schweinchen
172 584 47 15 käme
232 585 33 14 also
277 590 32 9 von
322 584 36 15 dem
370 585 48 14 einen
431 584 29 15 der
472 584 101 15 Elterntiere
586 584 26 15 die
624 584 61 19 Anlage

52 605 72 15 Schwarz
133 615 21 1 —
163 611 65 10 nennen
237 607 29 14 wir
276 607 23 14 sie
310 606 34 17 „A“
355 606 29 19 (als
395 606 85 15 dominant
491 605 159 20 großgeschrieben!)
661 614 24 9 -—,

53 633 36 9 vom
98 627 71 15 anderen
178 627 25 15 die
212 627 62 19 Anlage
282 627 46 15 Weiß
336 636 21 2 —
364 627 89 15 wiederum
463 628 29 14 mit
501 627 30 17 „a“
539 627 100 18 bezeichnet,
648 627 37 15 aber

53 648 154 19 kleingeschrieben,
218 649 36 15 weil
265 650 29 14 wir
304 650 16 17 ja
331 649 63 18 wissen,
406 649 31 15 daß
449 649 44 15 diese
502 646 66 21 “Anlage
579 649 70 15 rezessiv
660 649 25 14 ist.

53 670 24 15 Da
91 670 88 15 außerdem
192 674 122 15 vorausgesetzt
328 670 61 18 wurde,
403 670 31 15 daß
447 670 38 19 jede
499 670 71 15 erbliche
584 670 102 19 Eigenschaft

54 691 66 19 doppelt
136 691 95 16 vorhanden
245 692 26 17 ist,
285 693 65 14 müssen
365 692 26 15 die
406 692 59 15 beiden
480 691 101 16 Elterntiere
596 691 26 15 die
637 691 48 17 „Erb-

54 713 69 15 formel“
135 713 28 15 AA
175 713 33 15 und
219 719 18 9 aa
249 713 77 18 besitzen,
338 713 29 15 der
378 713 122 20 F-1-Mischling
512 713 39 15 aber
563 713 29 15 Aa.
604 712 45 16 Wird
661 713 24 14 ein

54 734 61 15 soleher
130 734 121 20 F-1-Mischling
266 736 29 14 mit
311 735 52 15 einem
378 735 122 19 F-1-Mischling
516 735 29 15 der
561 734 71 19 gleichen
648 733 37 16 Erb-

55 756 58 15 formel
124 756 83 19 gekreuzt,
218 762 16 9 so
246 760 69 11 trennen
326 756 32 15 sich
369 756 25 16 die
406 756 74 20 Anlagen
491 756 15 15 A
517 756 33 15 und
561 761 8 10 a
581 755 33 16 und
625 755 61 15 ordnen

55 778 31 14 sich
98 777 26 15 bei
136 777 31 15 den
179 777 121 16 Nachkommen
311 787 21 1 —
344 779 29 14 wie
386 778 26 15 die
424 778 65 19 Kugeln
501 778 17 15 in
531 777 29 16 der
572 776 114 16 Mathematik-

55 799 57 15 stunde
126 808 21 1 —
160 799 38 15 nach
213 799 30 15 den
258 799 79 15 Gesetzen
352 799 28 15 der
394 799 217 19 Kombinationsrechnung,
624 804 32 9 was
670 803 17 10 so

56 820 76 15 aussieht:

306 844 29 15 AA
411 845 24 15 Aa

306 869 23 15 aA
417 876 18 9 aa

77 911 33 15 Wir
124 911 52 15 haben
190 912 33 15 also
236 912 60 15 wieder
310 912 80 16 dasselbe:
404 913 18 15 In
436 913 29 16 der
478 914 69 16 zweiten
561 913 126 16 Nachkommen-

362 956 19 16 16
