715 1000
53 27 26 16 bei
93 27 31 16 den
137 27 117 15 Erbforschern
267 26 88 16 besonders
369 26 80 16 beliebtes
462 26 84 19 Tierchen,
559 27 51 15 deren
622 28 10 15 8
646 28 40 19 (also

54 50 38 14 zwei
106 48 99 16 Garnituren
218 54 32 9 von
263 49 34 14 vier
310 48 127 15 verschiedenen
449 48 113 19 Kernfäden),
575 48 26 16 die
615 48 72 16 Küchen-

54 70 66 16 zwiebel
133 71 25 17 16,
170 70 29 15 der
210 70 41 15 Mais
264 70 25 18 20,
301 70 26 15 die
339 69 46 16 Maus
398 70 25 18 24,
436 70 29 15 der
477 69 65 16 Mensch
554 70 20 15 48
588 70 48 19 (also:
649 72 38 14 zwei

54 91 172 16 Chromosomensätze
246 98 19 8 zu
283 92 15 18 je
317 91 35 19 24),
371 91 26 15 die
417 91 143 15 Gartenerdbeere
579 92 25 18 50,
622 92 65 15 manche

55 113 132 20 Schmetterlinge
200 114 25 14 62.
238 113 46 19 Liegt
297 119 16 9 es
326 113 44 15 nicht
383 113 48 18 nahe,
444 119 19 9 zu
476 116 92 14 vermuten,
581 112 31 16 daß
626 114 16 14 in
656 114 31 14 die-

55 141 27 9 sen
98 135 133 18 Chromosomen,
247 135 25 15 die
288 140 17 10 so
321 134 87 20 sorgfältig
423 140 32 9 von
471 134 44 15 Zelle
531 140 19 9 zu
566 134 44 15 Zelle
626 136 61 14 weiter-

55 157 71 19 gegeben
138 157 64 15 werden
214 156 33 15 und
260 156 26 15 die
298 157 16 14 in
326 156 47 19 jeder
384 156 45 15 Zelle
439 157 18 14 in
469 156 70 19 gleicher
551 155 40 16 Zahl
603 162 19 9 zu
634 156 54 15 finden

55 178 41 18 sind,
106 178 27 15 das
142 178 63 19 Erbgut
215 178 48 15 ruht?

76 202 28 15 Als
116 206 52 11 erster
180 202 27 15 hat
220 202 33 15 dies
265 203 21 14 im
298 202 50 16 Jahre
360 203 40 14 1866
412 202 49 15 Ernst
473 202 70 16 Haeckel
555 203 133 19 ausgesprochen,

56 223 28 15 der
93 223 83 16 bekannte
185 224 243 19 Abstammungs-Theoretiker
436 233 22 1 —
467 225 26 14 ein
503 224 40 17 Jahr
553 224 33 15 also
596 225 39 15 nach
644 225 44 15 Men-

56 244 33 16 dels
101 245 130 19 grundlegender
241 245 157 20 Veröffentlichung,
410 245 25 15 die
447 245 38 16 aber
496 245 71 16 Haeckel
578 245 60 16 damals
649 246 39 15 noch

56 266 42 15 nicht
107 267 71 18 gekannt
187 267 32 14 hat.
228 267 43 15 Doch
280 272 16 10 es
305 267 77 15 bedurfte
391 267 51 15 vieler
450 267 100 16 Jahrzehnte
559 267 130 15 unermüdlicher

57 287 107 19 Kleinarbeit,
175 288 24 15 bis
211 288 61 15 endlich
284 288 35 15 drei
330 288 50 16 Jahre
391 288 39 15 nach
442 288 28 15 der
481 288 169 20 Wiederentdeckung
662 289 27 15 der

56 309 114 15 Mendelschen
181 309 68 15 Gesetze
260 310 29 14 der
300 309 110 20 Würzburger
420 310 113 15 Tierforscher
543 310 77 15 Theodor
631 310 59 15 Boveri

56 331 33 15 und
99 331 29 15 der
139 331 127 15 amerikanische
276 331 106 15 Erbforscher
393 331 23 15 W.
428 331 14 15 S.
453 331 59 15 Sutton
522 331 116 19 überzeugend
648 331 41 15 klar-

56 352 46 19 legen
118 352 79 18 konnten,
212 352 31 15 daß
259 352 25 15 die
300 352 97 19 Ergebnisse
413 353 29 14 der
457 352 115 16 Mendelschen
587 353 103 19 Kreuzungs-

56 373 77 16 versuche
144 374 32 14 und
188 373 25 16 die
224 374 28 15 der
263 374 122 19 Zellforschung
395 380 19 9 zu
426 374 35 15 dem
472 374 72 19 gleichen
555 374 57 15 Schluß
623 374 66 15 führen:

56 394 30 16 Die
97 395 128 15 Chromosomen
236 395 35 15 sind
282 395 25 15 die
317 395 61 19 Träger
389 395 28 15 der
427 395 103 19 Vererbung,
539 396 17 14 in
566 395 50 15 ihnen
626 395 64 15 stecken

57 416 25 15 die
95 416 73 19 Anlagen
180 417 27 14 für
220 416 25 16 die
257 416 111 15 vererbbaren
380 416 97 18 Merkmale,
489 417 26 15 die
526 416 114 16 Erbfaktoren
652 416 39 16 oder

57 437 25 16 die
93 438 66 18 Gene,
169 439 29 14 wie
208 444 37 9 man
256 438 25 15 die
291 438 103 19 Erbanlagen
404 438 49 16 heute
464 443 55 11 nennt.

78 462 69 15 Denken
159 463 28 14 wir
200 463 39 15 noch
251 463 59 14 einmal
323 468 19 10 an
354 462 26 16 die
391 463 82 15 Versuche
485 464 29 15 mit
527 464 31 15 den
569 464 122 16 Meerschwein-

57 483 38 15 chen
108 489 68 10 unserer
188 484 59 15 beiden
259 484 76 15 Freunde
347 484 49 15 Peter
409 485 33 14 und
454 485 67 15 Martin:
535 485 51 15 Schon
599 486 48 15 dabei
658 491 34 9 war

57 505 26 15 die
95 505 103 19 Vermutung
211 505 131 19 aufgekommen,
355 505 31 16 daß
398 506 45 19 jedes
456 506 124 15 Farbmerkmal
592 513 32 9 von
637 508 55 14 zwei

57 526 73 19 Anlagen
144 530 77 16 getragen
233 527 61 15 würde.
307 527 50 15 Hatte
370 527 43 15 nicht
426 527 38 15 auch
477 527 63 20 Gregor
553 528 66 15 Mendel
632 532 60 16 gesagt,

58 548 30 15 daß
102 548 45 18 jedes
161 548 98 15 Lebewesen
272 548 27 15 für
312 548 45 19 jedes
370 548 82 16 Merkmal
465 550 44 17 zwei,
522 550 16 18 je
551 555 20 9 zu
584 550 53 15 einem
650 550 42 15 Paar

57 570 90 18 vereinigte
158 569 112 15 Erbfaktoren
280 570 16 14 in
306 570 32 15 sich
348 570 83 15 enthalte?
442 570 37 15 Und
489 570 53 15 haben
552 571 29 14 wir
590 571 44 15 nicht
644 574 48 12 unter

58 590 36 15 dem
106 590 97 20 Mikroskop
216 591 75 19 gesehen,
304 591 30 15 daß’
346 591 46 19 jedes
405 591 107 16 Chromosom
524 593 16 14 in
553 592 87 19 doppelter
652 592 40 15 Aus-

58 612 83 19 fertigung
155 612 95 15 vorhanden
264 613 26 17 ist,
304 612 31 15 daß
350 613 34 15 also
398 613 37 18 jede
449 613 44 15 Zelle
508 614 47 14 einen
569 613 90 19 doppelten
672 622 22 2 —

58 634 25 15 die
93 633 116 15 Wissenschaft
219 637 34 16 sagt
263 634 83 19 diploiden
355 643 21 2 —
386 634 163 15 Chromosomensatz
559 634 38 15 hat?
607 635 23 15 Ist
640 635 53 15 dieser
709 651 2 2 _

58 655 151 18 Doppelcharakter
223 655 29 15 der
266 655 128 16 Chromosomen
408 656 39 15 aber
460 656 83 19 Tatsache,
556 663 17 9 so
587 657 61 15 meldet
661 657 32 16 sich

58 676 53 15 sofort
123 677 26 14 ein
161 676 100 16 ernsthaftes
273 676 89 16 Bedenken
374 683 26 9 an:
413 677 52 15 Wenn
476 678 60 15 Eizelle
548 678 33 15 und
593 678 100 18 Samenzelle

58 698 31 15 sich
102 698 100 19 vereinigen,
214 698 38 15 muß
266 698 42 15 dann
321 698 43 15 nicht
377 699 26 15 die
416 699 58 15 daraus
488 699 107 16 entstehende
608 700 44 15 Zelle
665 700 28 16 des

58 725 31 9 neu
100 719 119 15 entstehenden
229 719 106 20 Organismus
346 719 31 16 den
387 720 93 15 vierfachen
492 720 164 17 Chromosomensatz
667 721 26 16 be-

58 740 82 19 kommen,
150 741 68 15 nämlich
230 741 27 15 das
268 741 170 19 Chromosomenpaar
449 742 29 15 der
489 742 60 15 Eizelle
560 742 34 15 und
604 743 28 15 das
644 743 49 15 Chro-

58 767 124 14 mosomenpaar
193 762 29 15 der
233 762 166 16 Samenzelle?.Wird
410 763 31 15 sich
453 763 43 15 dann
506 764 43 14 nicht
560 763 39 16 aber
610 764 26 15 bei
647 764 46 19 jeder

58 789 52 9 neuen
124 783 100 16 Generation
238 784 25 15 die
277 784 39 15 Zahl
330 784 28 15 der
372 784 128 16 Chromosomen
513 786 58 14 immer
584 785 61 16 wieder
658 791 35 10 ver-

58 805 76 19 doppeln,
149 811 32 9 was
197 805 91 15 schließlich
303 811 20 9 zu
339 806 52 15 einem
407 806 99 15 Anwachsen
522 806 29 15 der
567 806 86 16 Erbmasse
669 808 24 14 ins

59 826 123 15 Unermeßliche
197 827 60 15 führen
272 827 67 15 müßte?
354 827 52 15 Wenn
422 827 27 16 das
465 827 29 16 der
508 827 35 16 Fall
558 829 34 14 sein
608 828 53 18 sollte,
676 834 16 9 so

58 849 42 14 wäre
111 854 58 9 unsere
181 848 91 18 Annahme,
284 848 31 15 daß
327 848 25 15 die
364 849 129 15 Chromosomen
504 849 26 15 die
542 849 61 20 Träger
615 850 27 15 des
654 849 39 16 Erb-

58 873 45 15 gutes
117 870 49 17 seien,
180 869 116 16 offensichtlich
310 870 55 15 falsch.
379 870 45 15 Aber
437 871 17 14 in
467 870 114 16 Wirklichkeit
594 871 60 16 wächst
668 871 25 15 die

58 890 85 16 Erbmasse
157 891 43 15 nicht
214 892 24 14 ins
252 891 104 15 Unendliche.
372 891 34 16 Wie
421 892 24 15 oft
459 893 29 14 wir
503 892 39 15 auch
556 892 83 16 tierisches
654 892 38 16 oder

365 935 19 15 20
