715 1000
239 128 50 16 Wie
296 127 39 16 die
342 126 66 17 Gene
415 127 94 15 wirken

79 199 33 15 Aus
123 199 36 15 dem
169 198 89 15 Verhalten
269 198 28 15 der
308 197 112 15 Erbfaktoren
431 197 26 15 bei
469 197 28 15 der
508 197 182 20 Röntgenbestrahlung

58 221 52 15 haben
122 220 131 17 amerikanische,
266 219 74 15 deutsche
352 219 33 15 und
397 219 79 15 russische
487 218 79 16 Forscher
577 219 17 14 in
605 225 85 14 ungemein

58 242 127 19 scharfsinnigen
200 240 123 20 Überlegungen
336 241 37 15 sehr
386 240 125 15 weitreichende
524 240 114 19 Folgerungen
662 241 28 15 über

59 263 27 16 das
97 263 53 15 wahre.
162 263 56 15 Wesen
230 263 28 15 der
269 262 44 15 Gene
325 262 56 15 ziehen
392 262 70 15 können.
474 262 66 15 Danach
551 262 21 15 ist
583 263 25 13 ein
620 262 34 15 Gen
665 263 25 14 ein

58 285 121 19 ungewöhnlich
197 284 103 19 kompliziert
319 283 107 19 aufgebautes
444 283 210 15 Riesen-Eiweiß-Molekül
670 293 20 2 —

59 306 27 15 das
97 306 49 15 selbst
157 306 60 15 wieder
228 312 27 9 aus
267 306 65 14 äußerst
344 305 112 14 verwickelten
468 304 105 18 Bausteinen,
585 304 30 15 den
626 305 63 15 Amino-

58 329 63 16 säuren,
133 330 155 16 zusammengesetzt
300 328 25 13 ist.
338 326 48 17 Jedes
399 326 34 15 Gen
446 326 28 19 (im
487 325 85 16 normalen
585 326 104 15 Chromosom

58 355 30 9 nur
96 353 41 11 etwa
145 350 25 14 ein
178 348 172 19 zwanzigtausendstel
359 348 95 14 Millimeter
462 347 54 19 groß!)
525 347 27 15 hat
560 347 129 16 wahrscheinlich

58 372 46 13 einen
126 374 38 11 etwas
176 370 69 15 anderen
256 370 71 15 Aufbau.
339 369 51 15 Wenn
401 370 26 14 ein
438 368 188 20 Röntgenstrahl-Schuß
638 370 25 14 ein
674 375 16 9 so

58 392 122 18 kompliziertes
194 392 62 18 Gefüge
271 391 47 17 trifft,
331 397 17 9 so
363 391 33 19 gibt
411 397 16 9 es
440 390 81 15 natürlich
535 390 78 18 Schäden;
627 390 63 18 Atome,

58 414 129 18 Atomgruppen,
195 413 111 15 Molekülteile
314 412 65 15 werden
388 418 19 9 an
415 413 47 14 einen
471 412 71 15 anderen
550 411 45 15 Platz
604 412 86 19 geworfen,

59 435 27 15 das
96 434 132 16 Riesenmolekül
239 438 44 16 gerät
294 435 15 14 in
320 433 107 20 Unordnung,
439 433 32 15 und
482 433 25 15 die
518 433 49 19 Folge
578 433 53 15 davon
641 434 20 14 ist
671 442 18 2 —

58 457 36 14 eine
103 456 86 15 Mutation.

79 481 34 15 Wie
121 481 43 17 aber,
171 486 17 10 so
196 481 43 19 fragt
246 480 42 18 man,
295 481 48 14 wirkt
351 480 28 16 das
386 480 34 16 Gen
428 486 33 9 nun
468 481 40 15 nach
516 481 63 14 außen?
586 481 35 15 Wie
629 481 61 15 kommt

58 508 21 9 es,
91 502 31 15 daß
133 503 26 14 ein
170 508 17 9 so
199 503 74 18 winziges
284 502 128 15 Eiweißmolekül
431 502 25 15 die
468 502 112 19 Augenfarbe,
592 502 25 15 die
628 502 62 19 Flügel-

59 524 42 15 form
109 528 40 11 etwa
157 525 45 14 einer
209 524 54 19 Fliege
271 524 88 15 bestimmt,
365 523 31 15 daß
405 524 26 14 die
442 523 38 15 Gene
489 523 94 19 überhaupt
591 524 31 15 alle
631 524 59 14 äußere

58 545 108 19 Erscheinung
177 545 32 15 und
221 545 30 15 alle
262 545 140 19 Lebenstätigkeit
412 545 120 15 beeinflussen?
544 545 18 15 In
574 545 116 15 allerneuester

58 567 35 14 Zeit
102 567 52 14 haben
163 572 29 9 vor
201 567 47 14 allem
257 567 75 14 deutsche
341 566 77 15 Forscher
426 575 22 2 —
456 566 29 15 der
494 567 70 18 Zoologe
574 566 58 15 Alfred
642 566 48 15 Kühn

58 589 33 14 und
108 588 28 15 der
153 588 87 15 Chemiker
256 588 152 19 Nobelpreisträger
425 588 51 15 Adolf
493 588 101 17 Butenandt,
610 588 47 15 beide
675 588 15 14 in

58 609 84 19 Tübingen
155 618 21 2 —
188 610 38 14 auch
240 610 28 14 auf
281 610 43 14 diese
338 610 48 14 letzte
400 609 50 20 Frage
465 610 35 14 eine
514 610 76 14 Antwort
604 609 86 19 gefunden.

58 631 22 15 Zu
91 631 46 15 ihren
148 631 91 15 Versuchen
250 637 49 13 zogen
310 637 22 9 sie
343 631 26 15 die
380 631 97 15 Mehlmotte
488 631 57 17 heran,
555 631 33 15 und
600 636 20 9 an
630 631 60 15 diesem

59 653 122 18 Schmetterling
191 653 72 14 konnten
273 654 22 13 sie
306 653 104 17 nachweisen,
420 653 32 14 daß
462 653 26 14 die
498 652 45 15 Gene
554 652 63 15 einzeln
627 652 32 15 und
670 653 20 14 im

59 673 134 20 wechselseitigen
207 674 137 19 Zusammenspiel
358 674 26 15 die
397 674 71 19 Bildung
481 674 103 15 bestimmter
597 673 93 15 Wirkstoffe

59 696 107 17 veranlassen,
176 695 129 15 wahrscheinlich
315 696 55 14 indem
380 696 22 14 sie
412 696 28 14 das
449 695 62 15 Eiweiß
522 695 29 15 der
560 695 44 15 Zelle
615 695 75 15 chemisch

58 716 113 15 beeinflussen.
183 717 47 15 Diese
241 717 94 15 Wirkstoffe
345 725 21 2 —
376 723 37 9 man
425 721 51 11 nennt
487 718 23 14 sie
521 717 71 18 Enzyme
604 716 40 15 oder
655 716 35 15 Fer-

58 742 53 17 mente
125 747 20 1 —
158 742 65 11 steuern
237 738 83 15 ihrerseits
334 738 61 15 wieder
408 739 26 14 die
448 738 103 15 zahlreichen
565 738 125 19 komplizierten

59 754 97 20 chemischen
167 760 90 19 Vorgänge,
267 760 26 15 die
304 761 15 19 in
330 760 29 15 der
368 760 63 17 Zelle,
428 766 16 9 in
455 760 32 15 den
497 760 81 19 größeren
588 759 102 15 Zellverbän-

59 781 36 18 den,
110 781 30 15 den
155 781 80 15 Geweben
250 782 32 14 und
297 777 81 24 Organen,
394 781 82 15 ablaufen.
491 772 45 24 Wird
552 782 26 14 ein
593 781 35 15 Gen
643 780 47 16 durch

68 803 26 15 ine
106 802 81 16 Mutation
199 803 93 18 verändert,
304 809 16 9 so
333 804 37 14 fällt
383 804 27 15 das
423 804 77 15 Ferment
513 809 33 12 aus,
558 803 33 15 und
604 803 26 15 die
643 803 48 18 Folge

59 824 25 18 ist,
99 824 31 15 daß
145 825 38 14 auch
199 825 25 14 die
240 825 86 15 chemische
342 825 136 15 Reaktionskette
494 825 120 15 unterbrochen
629 826 27 13 ist:
671 824 20 14 Es

58 845 62 16 kommt
134 852 18 8 zu
168 846 203 20 Stoffwechselstörungen,
386 847 25 15 die
427 847 82 15 äußerlich
524 853 18 9 zu
558 846 83 15 erkennen
656 845 34 16 sind

58 867 33 15 und
98 867 113 15 Rückschlüsse
219 868 59 15 darauf
286 868 62 15 zulassen,
373 868 57 15 welche
438 863 84 29 Reaktion,
530 868 67 15 welches
604 867 87 16 steuernde

58 888 76 16 Ferment
145 889 33 15 und
191 889 66 15 welches
269 889 35 15 Gen
317 890 100 18 ausgefallen
430 891 27 17 ist,
469 890 28 15 das
510 890 53 15 dieses
575 889 77 15 Ferment
664 894 28 9 zur

59 910 94 19 Verfügung
162 911 64 19 gestellt
235 911 33 15 hat.
278 911 44 15 Aber
330 911 35 15 hier
374 911 51 15 steckt
434 911 39 15 noch
484 911 39 15 alles
531 912 18 14 in
558 911 32 15 den
600 911 91 18 Anfängen.

58 932 50 16 Jeder
116 932 32 19 Tag
158 932 55 19 bringt
222 938 41 9 neue
272 932 124 19 Erkenntnisse,
405 933 47 15 schon
462 933 53 15 haben
525 932 81 16 Versuche
616 933 30 14 mit
655 932 36 15 dem

364 976 20 15 30
