715 1000
217 125 59 16 Vom
283 125 101 16 Wandel
390 125 42 16 des
439 125 103 19 Erbguts

83 198 88 15 Professor
180 198 19 15 de
209 198 53 17 Vries,
272 197 80 18 derselbe,
362 197 29 15 der
401 203 41 9 anno
453 198 40 14 1900
503 198 45 14 einer
558 197 29 15 der
596 197 101 15 Wiederent-

63 219 57 15 decker
136 219 28 15 der
179 219 113 15 Mendelschen
308 219 69 15 Gesetze
392 225 38 11 war,
445 218 30 20 gab
490 219 22 14 im
527 218 71 19 gleichen
614 218 39 16 Jahr
669 218 28 15 der

62 240 162 15 wissenschaftlichen
238 240 42 16 Welt
293 240 39 15 noch
345 241 36 14 eine
394 241 56 14 zweite
463 240 106 18 Entdeckung
580 239 79 18 bekannt,
672 239 25 15 die

62 262 43 15 nicht
120 262 64 15 minder
198 262 106 15 umstürzend
318 267 33 10 war
367 262 22 15 als
404 261 74 16 Mendels
492 261 137 19 Feststellungen:
645 261 52 15 Unter

62 283 96 15 Tausenden
172 289 31 9 von
217 283 118 18 Nachtkerzen,
348 284 47 18 jenen
409 283 48 15 schön
470 282 71 19 hellgelb
554 282 93 15 blühenden
661 282 36 15 Ein-

63 304 96 16 wanderern
171 311 28 9 aus
211 304 126 18 Nordamerika,
349 304 25 16 die
387 310 20 9 an
418 304 55 19 jedem
484 304 108 17 Bahndamm,
604 304 28 14 auf
644 303 53 19 jedem

63 326 100 19 Schuttplatz
173 332 20 9 zu
203 326 53 15 finden
267 326 41 17 sind,
318 331 54 10 waren
382 326 53 19 einige
445 326 62 18 wenige
517 324 102 19 entstanden,
630 325 25 15 die
666 324 31 16 sich

62 348 17 14 in
90 347 69 15 deutlich
170 347 114 15 erkennbaren
294 347 102 15 Merkmalen
407 353 32 9 von
449 347 29 15 der
488 346 85 16 normalen
583 346 49 15 Form
642 349 55 12 unter-

63 369 74 15 schieden
148 369 33 15 und
194 369 25 15 die
231 369 40 19 (und
283 369 27 15 das
322 375 33 9 war
368 369 27 15 das
408 369 112 19 Aufregende)
533 369 43 15 diese
589 369 109 19 Abweichung

63 390 59 15 erblich
137 396 19 9 an
170 390 26 16 die
209 390 65 16 nächste
288 390 100 15 Generation
402 390 114 20 weitergaben.
530 390 53 16 Unter
597 390 30 15 den
641 390 56 19 Augen

63 412 28 15 der
101 411 93 20 Forschung
203 418 33 9 war
246 417 88 14 sozusagen
344 412 98 19 sprunghaft
453 418 27 9 aus
491 413 45 14 einer
545 409 85 17 normalen
640 411 57 16 Nacht-

63 433 48 15 kerze
122 434 35 14 eine
168 433 60 15 andere
239 433 85 19 geworden
334 442 21 2 —
364 434 29 14 mit
404 433 106 15 veränderter
520 433 90 15 Blattform
621 433 25 15 die
656 434 41 16 eine,

63 454 121 20 zwergwüchsig
194 455 35 15 eine
239 455 60 15 andere
307 455 34 14 und
350 454 49 16 durch
408 454 113 16 Riesenwuchs
530 454 122 19 ausgezeichnet
662 455 35 15 eine

63 475 54 16 dritte.
130 476 65 15 Mutare
207 476 45 15 heißt
264 476 109 18 verwandeln,
385 476 33 15 und
429 476 110 18 Mutationen,
550 475 147 19 Verwandlungen,

63 501 60 11 nannte
132 497 19 15 de
159 497 47 15 Vries
214 497 44 16 diese
266 497 119 19 sprunghaften
393 497 139 20 Veränderungen
541 497 27 15 des
576 497 76 19 Erbguts.
660 497 37 15 Nun

63 519 77 15 verstand
149 525 37 8 man
195 518 44 18 auch,
247 519 30 15 wie
286 519 25 15 die
320 519 117 15 Unterschiede
445 518 78 16 zwischen
532 518 55 20 gelber
596 518 33 16 und
638 519 59 19 grüner

63 540 56 18 Erbse,
129 544 45 11 roter
182 540 35 15 und
227 540 61 15 weißer
297 540 134 18 Wunderblume,
441 541 94 18 rotäugiger
545 540 34 15 und
588 540 110 19 weißäugiger

63 561 40 15 oder
116 567 59 13 grauer
188 561 33 15 und
235 562 88 15 schwarzer
336 561 55 20 Fliege
405 562 42 15 einst
460 561 97 16 entstanden
571 562 34 14 sein
618 561 79 15 mochten.

84 582 30 15 Ein
125 582 65 16 Schüler
202 583 27 15 des
241 583 60 19 großen
313 583 74 19 Morgan,
398 584 84 14 Hermann
493 583 66 18 Muller,
569 584 58 15 verbiß
639 584 31 15 sich
682 585 15 14 in

63 604 44 15 diese
117 604 57 19 Frage.
185 604 22 15 Er
218 604 49 15 nahm
278 605 31 15 sich
320 610 35 12 vor,
367 605 25 15 die
403 605 45 15 Gene
459 606 16 14 in
487 605 30 15 den
529 605 128 16 Chromosomen
669 606 28 15 mit

63 625 42 15 allen
116 631 31 9 nur
159 625 94 16 denkbaren
265 626 66 15 Mitteln
343 632 19 9 zu
373 627 78 18 zwingen,
463 626 31 15 sich
506 632 19 9 zu
537 627 97 15 verändern.
646 627 45 15 Eises.

63 646 44 16 kälte
119 647 33 15 und
164 647 89 18 Gluthitze,
265 647 81 19 Röntgen-
358 648 33 14 und
403 648 143 15 Radiumstrahlen
558 648 32 15 ließ
603 654 17 9 er
632 648 28 15 auf
672 648 26 15 die

63 668 99 19 Taufliegen,
172 669 28 14 auf
211 668 35 15 ihre
258 668 42 18 Eier,
311 669 28 15 auf
349 668 36 16 ihre
396 669 63 15 Larven
470 669 90 15 einwirken
570 678 22 2 —
602 670 35 14 acht
648 669 50 17 Jahre

63 690 37 19 lang
108 690 28 15 sah
144 690 59 15 Muller
211 691 57 14 weiter
276 690 51 15 nichts
335 690 23 15 als
366 691 44 14 seine
418 690 66 19 Fliegen
492 690 33 15 und
533 690 35 16 ihre
577 690 121 16 Nachkommen

63 720 20 2 —
94 711 42 15 dann
147 711 39 15 aber
197 711 62 15 konnte
270 717 17 9 er
299 711 38 15 auch
348 712 29 15 mit
388 711 109 20 Ergebnissen
508 712 96 18 aufwarten,
615 712 26 15 die
652 712 45 15 mehr

64 733 21 15 als
98 736 118 12 staunenswert
227 738 61 10 waren:
300 733 21 15 Er
333 733 46 15 hatte
390 733 104 15 Mutationen
506 733 41 15 über
558 733 104 16 Mutationen
674 739 24 9 er-

63 754 43 17 zielt,
115 754 83 18 hundert-,
207 754 170 19 hundertfünfzigmal
386 754 52 18 mehr,
447 755 22 15 als
478 755 16 14 in
504 755 28 15 der
541 755 53 14 Natur
603 755 94 15 vorkamen.

64 775 19 16 Es
98 775 29 19 gab
142 775 79 15 darunter
234 775 109 18 Mutationen,
358 776 25 15 die
397 782 38 9 man
448 776 62 15 bereits
524 776 67 17 kannte,
606 776 39 15 aber
659 776 38 15 auch

63 796 57 18 solche,
129 798 30 14 wie
168 803 37 9 man
214 798 22 14 sie
245 797 93 19 überhaupt
347 797 39 15 noch
396 798 26 14 nie
431 797 69 19 gesehen
509 797 52 15 hatte!
571 797 59 16 Muller
639 804 33 9 war
681 803 16 9 es

63 818 84 19 gelungen,
161 818 22 15 als
198 822 52 12 erster
264 818 28 16 das
305 818 63 20 Erbgut
381 825 20 9 zu
414 819 111 15 verwandeln!
540 819 22 15 Er
575 819 46 15 hatte
634 828 21 2 —
668 820 29 14 wie

63 839 138 19 mikroskopische
213 840 137 19 Beobachtungen
362 840 64 15 lehrten
437 849 22 2 —
470 840 26 15 die
508 840 129 16 Chromosomen
649 840 48 15 durch

63 861 72 15 Beschuß
145 862 30 14 mit
185 861 149 19 Röntgenstrahlen
345 861 40 16 oder
395 862 131 15 ultraviolettem
536 862 45 15 Licht
592 862 105 17 zerbrochen;

62 884 23 14 sie
94 888 53 9 waren
158 883 42 15 dann
210 883 99 17 „verkehrt“
319 883 192 19 zusammengewachsen,
520 883 34 15 und
563 883 71 16 dadurch
644 889 53 9 waren

63 904 102 15 Mutationen
176 904 102 16 entstanden.
290 904 79 15 Offenbar
380 905 46 15 hatte
437 911 18 9 er
466 904 39 16 aber
516 904 90 16 manchmal
617 905 43 15 nicht
672 905 25 15 ein

62 931 57 14 ganzes
130 925 106 16 Chromosom
247 927 67 18 gestört,
325 926 71 15 sondern
406 927 17 14 in
432 926 55 15 dieser
497 926 50 16 Kette
557 932 32 9 von
600 926 57 16 Genen
667 932 31 9 nur

369 970 20 14 28
