715 1000
12 65 15 14 in
40 63 29 15 der
80 63 36 15 Tat.
124 66 46 11 unter
182 62 37 15 dem
230 62 97 19 Mikroskop
339 62 35 15 best

10 86 49 18 tigen:
70 84 28 15 Bei
108 84 29 15 der
146 83 113 19 Reifeteilung
268 83 46 19 legen
324 84 31 14 sich
365 84 26 14 die

12 106 85 15 einzelnen
111 105 179 19 Chromosomenpaare
304 105 43 15 nicht
362 111 30 9 nur

13 127 67 20 parallel
94 126 139 18 nebeneinander,
246 126 71 15 sondern
331 132 16 9 es
361 130 30 11 tre-

13 153 26 11 ten
60 148 76 15 während
158 148 52 15 dieses
230 148 162 19 Aneinanderlegens

13 170 53 18 häufig
91 168 150 20 Überkreuzungen
267 169 33 15 auf.
324 169 68 19 Morgan

13 194 59 12 nannte
98 191 45 14 diese
170 190 110 19 Erscheinung
306 190 86 20 „Crossing

13 212 53 15 over“.
79 212 30 15 Die
123 212 128 15 Chromosomen
265 212 88 15 verkleben
367 218 25 8 am

13 233 155 19 Kreuzungspunkt,
176 233 69 15 brechen
254 239 19 9 an
282 233 53 15 dieser
342 233 50 15 Stelle

14 255 112 17 auseinander,
135 254 33 15 und
177 255 26 14 die
212 255 32 14 sich
254 255 138 18 entsprechenden

12 276 56 16 Stücke
83 276 49 19 fügen
148 276 32 15 sich
196 276 36 15 aufs
248 282 40 9 neue
304 282 89 9 zuammen.

13 298 51 15 Dabei
77 297 65 15 werden
155 297 26 15 die
194 303 18 9 zu
225 297 59 15 beiden
297 297 55 15 Seiten
365 298 29 14 der

13 319 99 15 Bruchstelle
120 318 87 20 liegenden
214 319 45 15 Teile
266 319 33 15 und
307 323 29 11 mit
344 319 49 15 ihnen

14 341 25 15 die
51 340 37 15 dort
99 340 108 15 befindlichen
218 340 45 15 Gene
274 341 77 14 zwischen
362 340 31 15 den

15 362 57 15 beiden
86 361 119 16 zerbrochenen
218 361 127 16 Chromosomen
360 367 34 10 aus-

14 383 86 19 getauscht.
108 383 21 15 Es
138 384 20 14 ist
167 383 48 15 leicht
224 383 103 18 einzusehen,
336 383 32 15 daß
377 384 39 14 zwei
425 383 44 15 Gene
477 389 27 9 um
513 389 17 9 so
539 383 72 19 häufiger
620 383 26 15 die

15 404 173 19 Möglichkeit.haben,
200 404 112 19 ausgetauscht
324 411 18 8 zu
354 405 70 17 werden,
435 405 15 18 je
462 406 56 13 weiter
529 405 22 14 sie
564 406 83 14 auseinan-

15 426 28 15 der
55 426 59 19 liegen;
126 426 15 18 je
182 432 23 8 näher
216 427 23 13 sie
252 426 31 15 sich
295 426 42 19 sind,
349 432 27 9 um
387 432 17 9 so
417 427 74 18 geringer
503 427 21 14 ist
536 426 44 15 diese
592 426 55 15 Wahr-

14 447 125 15 scheinlichkeit.

35 469 27 15 Als
71 468 31 16 sich
111 474 28 14 gar
148 468 26 16 bei
184 468 29 15 den
223 468 90 16 schließlich
322 469 38 15 nach
370 469 84 15 Millionen
464 469 87 15 zählenden
563 469 83 15 Versuchs-

15 491 49 14 tieren
80 491 58 14 immer
153 490 61 15 wieder
230 490 56 15 dieselb
328 490 205 19 Austauschprozentsätze
549 490 98 16 einstellten,

15 518 27 13 zog
57 511 68 19 Morgan
141 511 30 15 den
187 511 82 15 kühnsten
285 511 57 15 Schluß
358 518 28 9 aus:
402 512 54 15 seinen
472 512 126 18 Experimenten
615 511 32 15 und

16 532 128 20 Überlegungen:
156 533 52 15 Wenn
219 539 37 9 man
267 533 59 15 einmal
337 537 107 14 voraussetzt,
456 533 30 15 daß
498 533 24 15 die
534 533 44 15 Gene
589 534 16 14 in
617 533 30 14 den

15 555 126 15 Chromosomen
151 555 44 14 eines
205 554 52 15 neben
267 554 36 15 dem
313 554 71 15 anderen
394 555 56 17 sitzen,
460 554 85 19 gleichsam
555 554 92 19 aufgereiht

16 577 27 14 wie
52 576 25 15 die
85 576 58 15 Perlen
153 576 28 14 auf
189 576 29 15 der
226 576 66 17 Schnur,
301 575 42 15 dann
352 576 38 14 muß
398 582 38 8 man
444 581 28 9 aus
481 576 28 14 der
518 576 92 18 Häufigkeit
620 575 27 15 des

16 597 106 15 Austausches
130 597 80 15 schließen
219 597 71 18 können,
298 603 24 9 wo
331 597 28 15 das
368 597 121 19 ausgetauschte
498 597 35 15 Gen
541 597 21 14 im
571 597 76 15 Chromo-

16 625 32 9 som
57 620 41 14 sitzt.
107 618 95 16 Wiederum
210 619 63 19 folgten
282 618 85 15 Hunderte
376 618 33 15 und
417 618 85 15 Tausende
511 624 30 9 von
551 618 97 17 Versuchen,

16 640 22 16 bis
50 640 68 19 Morgan
130 640 90 15 schließlich
233 641 35 14 eine
280 640 251 17 „Chromosomen-Landkarte“
543 640 53 14 seiner
608 640 40 14 Tau-

16 662 45 19 fliege
70 662 77 19 vorlegen
157 662 67 18 konnte,
235 662 28 14 auf
272 661 29 15 der
310 667 37 9 man
357 667 51 13 genau
419 661 65 15 ablesen
493 661 50 17 kann,
553 667 19 8 an
581 661 68 14 welcher

16 683 48 15 Stelle
76 684 25 14 ein
113 683 101 15 bestimmtes
226 682 34 16 Gen
272 684 56 14 seinen
339 683 46 15 Platz
396 683 28 14 hat
437 683 19 18 (s.
467 682 41 15 Abb.
520 682 42 15 Seite
574 683 34 18 29).
619 682 29 15 Die

16 705 93 19 Häufigkeit
124 705 27 15 des
165 705 98 15 Austauschs
279 705 57 14 zweier
351 704 44 15 Gene
409 704 45 15 hatte
469 704 67 19 Morgan
551 704 47 14 dabei
613 709 36 9 zum

16 726 36 15 Maß
63 727 27 14 für
100 727 35 14 ihre
144 726 105 19 Entfernung
260 732 36 9 vom
307 726 65 19 Anfang
383 726 27 15 des
421 725 114 15 Chromosoms
546 731 103 13 genommen;

15 749 15 17 je
44 749 56 14 weiter
114 749 22 14 sie
152 748 109 15 auseinander
275 748 59 19 liegen,
348 748 46 14 desto
409 747 73 19 häufiger
496 747 66 14 wurden
577 748 22 14 sie
615 752 33 9 aus-

16 769 86 19 getauscht.
115 770 30 15 Die
158 775 17 10 so
189 769 102 15 ermittelten
304 769 84 15 Abstände
402 769 28 15 der
443 768 67 18 Stellen,
524 774 19 9 an
557 768 52 15 denen
623 768 25 14 be-

16 791 60 15 kannte
86 791 45 15 Gene
141 792 52 14 sitzen
205 791 37 19 (der
252 789 118 19 „Gen-Örter“,
380 791 29 14 wie
420 790 26 15 die
456 790 92 18 Forschung
558 790 49 19 sagt),
618 795 31 9 von

17 813 35 14 dem
61 813 30 15 mit
101 813 25 18 0,0
135 812 116 16 bezeichneten
262 813 47 14 einen
319 812 45 15 Ende
375 812 27 15 des
413 812 114 15 Chromosoms
537 811 65 15 rechnet
612 817 37 8 man

17 834 35 15 dem
63 834 61 19 großen
136 834 78 15 Forscher
225 840 19 9 zu
255 834 54 15 Ehren
321 834 38 14 nach
372 833 188 19 „Morgan-Einheiten“.
572 833 36 14 Und
620 833 29 14 mit

18 855 47 16 Recht
73 856 28 15 hat
109 856 70 15 Thomas
188 856 46 15 Hunt
242 856 74 19 Morgan,
325 856 28 14 der
361 856 22 14 im
392 855 71 19 gleichen
472 855 49 16 Jahre
530 855 40 14 1866
578 854 71 19 geboren

18 878 24 17 ist,
51 878 16 14 in
76 878 36 15 dem
122 877 63 20 Gregor
194 877 66 15 Mendel
270 878 44 14 seine
323 877 87 15 klassische
420 876 57 15 Arbeit
487 876 120 15 veröffentlicht
617 875 33 17 hat,

18 899 29 14 den
57 899 97 19 Nobelpreis
165 899 27 15 für
203 899 44 15 diese
257 898 82 16 wahrhaft
350 898 63 20 geniale
423 898 77 19 Leistung
510 897 97 15 bekommen,
624 897 25 14 die

18 920 109 20 grundlegend
139 922 21 14 ist
171 921 27 15 für
209 921 26 15 die
247 920 110 19 Erforschung
368 920 29 15 der
408 919 100 15 Erblichkeit
520 919 38 15 auch
569 919 26 14 bei
608 918 42 15 allen

19 942 68 15 anderen
98 942 102 16 Lebewesen.

230 976 3 6 F
324 975 19 15 27
