715 1000
200 118 58 15 Vom
265 117 131 19 doppelten
403 116 92 19 Erbgut

52 205 30 15 Mit
96 205 45 15 Hilfe
156 206 28 14 der
198 205 69 19 Kugeln,
282 205 24 15 die
321 205 23 15 sie
358 206 21 13 im
394 204 201 15 Mathematikunterricht
609 204 57 14 hatten

31 226 114 16 kombinieren
158 227 57 17 sollen,
228 232 55 9 waren
296 226 25 15 die
335 226 58 15 beiden
407 226 75 15 Freunde
496 226 49 14 Peter
559 225 32 15 und
605 225 61 14 Martin

31 248 55 15 hinter
102 248 28 15 das
146 248 94 15 Geheimnis
257 248 28 15 der
302 247 135 19 eigentümlichen
454 246 170 16 Zahlenverhältnisse
641 252 18 12 ge

32 269 81 18 kommen,
127 269 25 15 die
166 269 31 16 sich
211 269 26 15 bei
250 269 47 15 ihren
310 269 123 14 Erbversuchen
447 268 70 19 ergeben
531 268 63 14 hatten:
609 267 57 17 Jedem

32 291 41 15 Paar
87 294 162 16 entgegengesetzter
262 290 91 15 Merkmale
400 290 29 15 der
442 293 48 11 roten
504 289 32 15 und
550 289 63 15 weißen
627 288 40 15 oder

32 312 90 15 schwarzen
133 312 33 15 und
176 312 63 14 weißen
250 311 93 15 Haarfarbe
354 311 42 15 beim
407 310 161 18 Meerschweinchen,
580 310 28 15 der
620 313 46 12 roten

32 334 32 14 und
74 334 62 14 weißen
146 333 107 15 Blütenfarbe
262 333 27 15 bei
298 333 29 14 der
336 332 127 15 Wunderblume
473 332 86 17 Mirabilis,
569 332 30 14 den
609 331 57 19 gelben

522 359 31 9 nen
565 352 102 16 Samenscha-

50 379 64 33 ]
339 368 68 48 Be]
496 370 2 2 bei
534 374 28 15 der
579 374 51 15 Erbse
654 382 14 1 —

446 396 89 19 entspricht
544 399 40 11 stets
594 401 25 9 ein
628 395 39 14 Erb-

446 421 33 15 gut,
493 418 16 14 in
524 417 36 15 dem
575 417 25 14 die
615 416 53 15 Merk-

445 439 42 14 male
499 439 88 18 paarweise
599 438 68 14 vorhan-

446 460 31 14 den
492 460 41 14 sind.
547 459 30 15 Die
592 459 76 15 Rosafär-

446 481 43 19 bung
500 481 29 14 der
541 480 127 15 Wunderblume

447 503 16 14 in
483 502 28 15 der
531 502 138 14 F-l-Generation

446 524 33 14 und
492 523 26 15 die
530 523 75 15 blaßrote
618 523 50 14 Haar-

474 545 70 18 färbung
554 544 28 15 der
592 544 50 15 Meer-

447 566 109 15 schweinchen
603 571 66 9 unseres

447 587 83 17 Freundes
555 587 66 15 Martin,
647 587 22 14 sie

447 609 73 14 beruhen
529 608 64 15 darauf,
601 608 31 15 daß
641 608 29 14 der

447 630 85 18 Mischling
548 625 10 28 _
569 629 101 19 gleichzeitig

448 652 35 15 eine
503 655 34 11 rote
556 651 43 14 und
618 651 51 14 weiße

460 671 70 21 Anlage“
547 667 13 29 —
571 678 37 9 man
619 675 51 11 nennt

447 695 22 14 sie
494 694 41 14 wohl
559 694 38 14 auch
621 693 48 17 „Erb-

448 715 57 19 anlage“
534 715 39 14 oder
591 714 79 17 „Erbfak-

449 737 34 14 tor“
512 745 12 1 —
542 736 128 15 mitbekommen

448 758 35 17 hat;
491 759 36 13 eine
536 758 40 14 dieser
596 757 75 19 Anlagen

448 783 66 11 stammt
536 779 75 14 offenbar
621 775 10 27 .
634 784 36 9 vom

449 800 55 15 Vater,
521 800 26 15 die
564 800 59 15 andere
640 805 31 9 von

449 822 29 14 der
498 821 67 15 Mutter.
585 821 30 15 Die
636 824 35 12 rote

447 843 32 15 und
488 843 26 15 die
522 843 51 14 weiße
580 842 91 19 Erbanlage

449 870 79 13 erzeugen
543 864 44 14 dann
602 864 69 19 gemein-

450 891 33 9 sam
491 886 28 14 das
527 885 41 15 Rosa
577 885 40 15 oder
624 885 47 15 Blaß-

449 911 24 11 rot
482 907 27 15 des
518 897 97 34 Mischlings.
620 906 52 16 Selbst
