715 1000
199 115 44 16 Die
250 115 171 22 Mendelschen
428 115 99 17 Gesetze

67 202 33 16 Das
107 206 44 12 erste
158 203 103 15 Mendelsche
270 203 58 15 Gesetz
336 203 58 15 läutet:
403 203 62 15 Kreuzt
474 209 37 9 man
518 204 40 14 zwei
566 203 114 15 verschiedene

46 223 60 16 Rassen
120 233 21 2 —
155 230 17 9 so
186 228 51 11 nennt
252 224 25 16 die
291 224 115 16 Wissenschaft
420 226 37 17 jene
472 225 79 17 „Sorten“
565 224 40 16 oder
620 224 60 20 „Spiel-

46 246 63 18 arten“,
119 246 25 15 die
154 246 31 15 sich
196 246 128 15 untereinander
334 246 49 15 durch
393 252 30 9 nur
434 246 117 19 geringfügige,
561 246 39 15 aber
610 246 70 15 erbliche

45 267 125 19 Eigenschaften
185 267 129 18 unterscheiden,
329 268 30 14 wie
374 267 73 16 Mendels
462 267 62 15 Erbsen
539 267 33 15 und
587 268 26 15 die
628 267 52 16 Meer-

45 288 109 15 schweinchen
165 295 32 9 von
208 289 49 14 Peter
268 289 33 15 und
312 288 61 15 Martin
383 298 21 1 —
415 289 58 15 kreuzt
484 295 37 9 man
533 289 32 16 also
577 290 39 14 zwei
628 289 52 15 solche

45 309 67 19 Rassen,
123 315 18 10 so
154 310 36 15 sind
204 310 30 15 alle
248 316 28 9 aus
289 310 53 15 dieser
354 310 107 19 Verbindung
473 310 145 19 hervorgehenden
630 310 50 15 Nach-

45 330 77 16 kommen
131 335 48 11 unter
189 332 31 14 sich
230 331 55 19 gleich.
295 331 52 15 Dabei
356 332 21 14 ist
386 337 16 10 es
412 332 108 19 gleichgültig,
529 332 20 15 ob
560 332 25 14 die
595 332 36 15 eine
640 331 40 15 oder

45 352 26 15 die
86 352 60 16 andere
161 353 50 15 Rasse
225 353 51 15 Vater
290 353 40 15 oder
344 353 63 15 Mutter
421 359 37 9 war.
474 353 30 15 Die
518 353 162 19 Meerschweinchen-

45 373 82 16 Versuche
138 380 68 9 unserer
217 374 76 15 Freunde
304 374 36 15 sind
351 374 57 15 schöne
420 374 81 19 Beispiele
512 375 27 14 für
551 374 51 16 dieses
614 374 65 15 Gesetz:

45 395 52 15 Alle
107 396 77 15 Tierchen
194 396 29 14 der
233 399 54 12 ersten
296 395 106 18 Generation,
412 396 25 15 die
447 402 36 9 man
493 396 39 15 auch
542 395 22 16 als
574 399 43 12 erste
626 395 53 15 Filial-

45 418 96 17 generation
153 417 38 19 (von
203 417 48 18 filius,
263 417 28 15 der
302 417 49 17 Sohn,
362 417 34 15 und
407 417 38 17 filia,
457 417 25 15 die
494 417 75 19 Tochter)
582 417 39 15 oder
633 417 46 19 abge-

45 438 48 15 kürzt
105 438 139 15 F-l-Generation
255 442 57 14 nennt,
323 444 54 9 waren
389 439 22 14 im
423 442 54 11 ersten
489 438 71 15 Versuch
572 438 74 18 schwarz,
658 439 21 14 im

45 460 67 15 zweiten
121 460 70 15 blaßrot.
200 460 32 15 Das
241 460 59 19 gleiche
309 460 45 15 hatte
362 460 64 15 Mendel
435 460 27 15 für
470 461 44 14 seine
522 460 61 15 Erbsen
592 460 87 19 gefunden,

45 481 33 15 und
88 481 95 15 inzwischen
193 481 28 15 hat
231 487 37 9 man
278 482 16 14 in
304 481 96 15 Tausenden
410 481 33 15 und
453 481 135 15 Abertausenden
598 487 32 9 von
640 481 39 15 Ver-

45 502 58 16 suchen
116 503 34 15 und
163 503 137 19 Beobachtungen
313 504 30 13 mit
356 503 42 14 allen
411 509 31 8 nur
455 502 89 20 möglichen
557 502 76 15 Pflanzen
646 502 33 15 und

45 524 58 15 Tieren
115 525 26 14 ein
153 524 27 15 für
191 524 31 15 alle
233 524 43 15 Male
288 524 98 19 zuverlässig
398 525 83 17 erwiesen,
492 524 31 15 daß
535 524 25 15 die
572 529 31 10 von
614 523 65 16 Mendel

45 545 97 15 entdeckten
150 545 170 20 Gesetzmäßigkeiten
328 546 27 15 für
363 546 28 15 das
399 550 71 15 gesamte
478 547 48 15 Reich
535 547 27 15 des
570 547 109 20 Lebendigen,

45 567 27 15 für
84 567 71 18 Pflanze,
167 567 38 15 Tier
216 567 33 15 und
262 567 63 15 Mensch
338 568 128 18 gleichermaßen
479 568 91 19 Gültigkeit
582 569 59 15 haben:
654 569 25 15 Ob

44 594 37 9 man
95 588 61 15 Erbsen
170 588 58 15 kreuzt
241 589 40 14 oder
294 589 74 18 Hühner,
380 589 51 15 bunte
444 589 68 15 Blumen
525 590 40 15 oder
578 590 101 19 langweilige

45 609 95 18 Schnecken,
149 610 20 15 ob
179 616 36 9 man
225 610 30 15 den
264 610 75 19 Erbgang
348 610 113 16 menschlicher
470 611 105 19 Augenfarbe
584 612 95 15 untersucht

45 631 39 15 oder
98 631 79 15 erblicher
190 631 114 15 Krankheiten
317 641 21 1 —
350 636 40 11 stets
403 633 21 14 ist
438 632 25 15 die
477 632 91 19 Gültigkeit
582 633 53 15 dieser
649 633 29 15 Ge-

45 656 43 11 setze
98 656 120 16 unangetastet.
228 652 47 16 Eines
285 654 20 14 ist
315 653 87 20 allerdings
411 653 28 15 für
448 653 28 16 das
485 657 43 12 erste
537 654 102 16 Mendelsche
649 654 30 16 Ge-

45 678 33 11 setz
87 674 139 19 Voraussetzung:
236 674 36 15 Daß
281 680 16 9 es
307 674 30 15 sich
347 680 27 9 um
383 675 55 17 „reine“
458 675 60 15 Rassen
528 675 71 16 handelt.
609 676 33 15 Das
651 676 28 15 hat

44 701 33 9 nun
86 695 51 15 nichts
146 701 19 9 zu
175 699 29 11 tun
213 696 29 14 mit
250 696 128 19 irgendwelchen
388 696 75 15 dummen
472 697 40 15 oder
521 703 28 13 gar
558 698 24 14 ins
592 697 86 15 Politische

45 716 98 16 verdrehten
154 717 127 19 Vorstellungen
293 723 31 9 von
335 718 115 15 menschlichen
462 718 66 18 Rassen,
540 718 71 16 sondern
623 719 55 17 „reine

44 738 72 15 Rassen“
127 739 21 14 im
159 738 49 15 Sinne
219 738 28 15 der
257 738 113 16 Mendelschen
381 739 68 15 Gesetze
460 740 36 14 sind
506 740 59 17 solche,
576 740 25 15 die
612 741 30 14 wie
653 740 25 15 die

45 763 47 11 roten
102 760 33 15 und
146 760 62 15 weißen
219 760 154 15 Meerschweinchen
384 761 26 14 ein
420 761 112 15 einheitliches
542 761 62 20 Erbgut
615 762 27 15 für
652 762 26 14 ein

44 781 102 15 bestimmtes
156 781 81 15 Merkmal
247 781 71 15 besitzen.
335 781 47 16 Nicht
392 782 82 19 reinerbig
484 783 17 14 in
512 783 60 15 diesem
583 783 49 15 Sinne
643 783 35 15 sind

44 802 43 15 dann
102 803 80 15 natürlich
198 803 25 14 die
238 803 137 15 uneinheitlichen
390 803 117 16 blaßrötlichen
523 804 155 15 Meerschweinchen

44 825 29 14 mit
82 824 52 15 ihrem
143 824 62 19 Erbgut
214 824 86 15 Rot-Weiß
309 824 39 15 oder
357 825 26 14 ein
392 825 34 15 Teil
436 825 28 15 der
472 825 91 15 schwarzen
572 825 106 16 Nachkömm-

44 845 48 19 linge,
104 845 25 15 die
141 845 27 15 das
180 845 197 20 Schwarz-Weiß-Erbgut
388 846 75 15 besaßen.
475 846 59 20 Wegen
546 847 29 15 der
586 847 92 19 Einfarbig-

44 866 40 19 keit,
99 873 55 13 wegen
171 867 28 15 der
215 867 108 15 Uniformität
340 867 28 15 der
384 871 54 12 ersten
454 868 224 19 Nachkommengeneration,

44 892 51 11 nennt
103 894 37 9 man
150 888 27 15 das
187 892 42 11 erste
239 888 102 16 Mendelsche
350 889 58 15 Gesetz
417 889 42 15 wohl
469 889 39 16 auch
518 890 27 15 das
555 889 123 16 Uniformitäts-

44 913 59 16 gesetz.

351 954 19 14 12
