715 1000
62 38 25 16 die
98 38 65 17 Urzelle
174 39 27 16 des
212 39 105 19 Organismus
328 38 28 16 hat
367 38 31 16 den
409 38 83 20 diploiden
504 38 163 17 Chromosomensatz
677 48 19 2 —

62 61 48 15 einen
121 67 31 9 von
163 61 28 15 der
202 61 62 15 Mutter
275 61 33 15 und
319 61 48 15 einen
377 67 37 9 vom
425 60 56 15 Vater.

83 87 33 16 Aus
137 88 30 15 den
187 89 58 14 immer
264 87 158 16 wiederkehrenden
442 88 182 18 Zahlenverhältnissen
645 90 51 15 seiner

62 109 140 15 Erbsenversuche
212 109 45 15 hatte
267 109 38 15 auch
314 109 48 15 schon
371 109 66 15 Mendel
446 109 87 19 gefolgert,
542 110 31 14 daß
583 110 25 15 die
617 110 79 20 Anlagen-

61 130 52 16 Paare
127 137 29 9 vor
170 131 28 15 der
212 130 128 19 Fortpflanzung
353 136 32 9 von
399 130 79 16 einander
492 134 76 16 getrennt
582 132 33 14 und
629 131 26 16 bei
669 132 27 15 der

62 152 25 15 die
103 152 65 15 nächste
184 152 100 15 Generation
301 152 111 15 einleitenden
428 152 106 19 Bestäubung
550 158 31 9 neu
598 153 99 15 kombiniert

62 173 71 15 würden.
143 173 31 15 Die
183 174 119 18 erfolgreichen
311 173 115 20 Forschungen
435 179 68 9 unserer
513 174 35 15 Zeit
558 173 41 16 über
609 174 25 15 die
644 174 53 16 Reife-

62 195 62 19 teilung
137 195 52 15 haben
203 195 43 15 diese
260 195 54 15 kühne
328 195 70 15 Theorie
412 195 36 15 aufs
461 195 74 15 schönste
548 195 70 19 bestätigt:
646 196 51 15 Wenn

62 217 25 15 die
99 222 31 9 von
142 217 50 14 Vater
204 217 33 15 und
249 216 61 15 Mutter
322 216 144 15 herstammenden
477 216 220 21 Chromosomenpaarlinge,

62 238 25 15 die
97 238 31 15 sich
137 238 26 15 bei
173 238 28 15 der
210 238 122 19 Vorbereitung
341 238 29 15 der
379 238 112 19 Reifeteilung
499 239 90 18 paarweise
599 244 98 9 zusammen-

62 259 53 20 gelegt
128 259 58 18 haben,
199 260 113 15 voneinander
325 263 76 16 getrennt
414 259 70 18 werden,
498 259 52 15 bleibt
564 265 15 10 es
594 260 36 15 dem
643 260 54 15 Zufall

62 281 100 18 überlassen,
170 281 68 15 welcher
247 281 82 19 Paarling,
338 281 20 15 ob
368 281 29 15 der
406 281 87 15 väterliche
503 280 40 16 oder
552 281 29 15 der
590 281 107 18 mütterliche,

62 302 47 15 dabei
119 303 16 14 in
144 302 25 15 die
180 303 35 14 eine
225 302 33 15 und
267 302 68 15 welcher
345 303 16 14 in
371 302 25 15 die
407 302 60 15 andere
477 302 42 15 reife
529 301 89 16 Keimzelle
628 302 69 19 gelangt.

62 323 36 16 Und
113 324 19 14 da
147 324 25 15 die
186 324 103 19 Erbanlagen
304 325 16 13 in
335 324 30 15 den
380 324 129 15 Chromosomen
523 324 59 19 liegen,
595 324 66 14 werden
675 325 22 13 sie

61 345 48 15 dabei
123 345 81 15 ebenfalls
217 351 32 9 neu
263 345 106 18 kombiniert,
382 346 33 14 und
430 351 15 9 es
459 345 86 15 entstehen
560 351 16 9 so
590 345 26 15 die
630 345 67 15 Zahlen-

61 367 108 15 verhältnisse
179 367 29 15 der
216 367 168 18 Meerschweinchen-,
393 367 87 15 Mirabilis-
490 367 33 15 und
532 366 145 16 Erbsenversuche.

64 491 53 16 Was
124 491 40 16 die
171 491 208 17 Mendel-Gesetze
386 492 42 16 für
434 492 47 16 den
489 492 80 19 Alltag
576 492 121 16 bedeuten

82 606 18 15 In
112 607 37 15 dem
162 607 66 15 kleinen
240 607 68 18 Garten,
319 607 32 15 den
363 607 28 16 das
404 607 75 15 Brünner
491 607 67 16 Kloster
570 607 33 15 ihm
615 608 27 14 für
654 608 44 15 seine

60 627 82 16 Versuche
154 628 95 16 überlassen
260 628 51 18 hatte,
323 629 38 14 kam
372 629 63 19 Gregor
447 629 65 15 Mendel
524 629 26 15 bei
562 630 55 14 seinen
629 629 69 15 Erbsen-

60 650 124 18 experimenten
197 650 40 15 noch
250 656 20 9 zu
283 651 64 18 einigen
360 651 84 17 weiteren,
456 650 38 15 schr
507 650 150 15 aufschlußreichen
670 650 28 14 Er-

60 671 91 19 gebnissen.
163 671 21 15 Er
196 671 45 15 hatte
253 671 31 15 sich
296 677 14 9 u.
323 677 13 9 a.
348 672 38 14 auch
399 672 25 14 die
436 671 75 19 Aufgabe
523 671 70 19 gestellt,
604 671 94 19 Mischlinge

60 698 31 9 von
104 693 120 15 Erbsensorten
236 699 19 8 zu
267 693 115 18 untersuchen,
394 693 26 15 die
432 693 42 15 nicht
487 694 16 13 in
514 699 31 8 nur
557 693 59 17 einem,
627 693 71 15 sondern

59 715 16 14 in
86 714 86 15 mehreren
182 714 152 19 Merkmalspaaren
344 714 125 15 unterschieden
478 720 61 9 waren:
550 714 22 15 Er
581 714 45 15 hatte
636 714 62 15 Erbsen

59 736 29 14 mit
100 735 58 19 gelben
170 736 63 15 runden
245 736 58 15 Samen
315 736 29 14 mit
355 736 65 14 solchen
431 735 84 19 gekreuzt,
527 736 50 14 deren
588 735 58 15 Samen
658 741 40 13 grün

60 757 32 15 und
103 754 129 22 kantig-runzlig
241 763 60 9 waren.
312 757 31 15 Die
353 757 145 17 F-1-Generation,
508 757 25 15 die
545 763 17 8 er
573 756 64 18 erhielt,
648 756 35 15 hatt.

59 779 62 14 seinem
131 782 55 11 ersten
196 779 59 15 Gesetz
266 778 124 19 entsprechend,
400 779 26 14 ein
437 784 39 13 ganz
487 778 111 15 einheitliches
608 778 91 17 Aussehen,

59 800 33 15 und
102 806 42 9 zwar
154 806 54 9 waren
219 800 30 15 alle
259 800 59 15 Samen
328 799 36 20 gelb
375 800 33 15 und
418 799 46 15 rund.
475 800 64 14 Daraus
549 799 57 19 folgte,
617 799 30 15 daß
657 799 41 15 Gelb

59 822 32 14 und
102 822 48 14 Rund
160 822 91 17 dominant,
261 821 46 15 Grün
317 821 33 15 und
360 821 79 19 Runzelig
449 822 71 14 rezessiv
530 826 59 9 waren.
600 820 98 15 Vermehrte

59 849 17 9 er
89 849 32 9 nun
135 843 25 15 die
173 843 139 15 F-1-Generation
318 844 36 13 mit
367 842 123 20 ihresgleichen,
503 848 17 9 so
534 842 94 15 erschienen
641 843 15 13 in
670 842 28 14 der

58 864 139 16 F-2-Generation
210 865 43 14 nicht
265 870 31 9 nur
310 864 25 15 die
348 864 59 15 beiden
420 864 152 25 Ausgangsformen
584 863 66 18 wieder,
663 869 34 9 son-

58 886 40 15 dern
111 886 190 15 überraschenderweise
314 886 39 15 auch
366 886 40 15 noch
418 886 40 14 zwei
471 891 39 13 ganz
523 891 47 11 neue,
583 885 60 15 vorher
656 884 41 15 nicht

58 908 116 17 existierende,
182 908 75 15 nämlich:
266 907 123 19 Gelb-runzlige
398 907 33 15 und
438 907 107 15 Grün-runde
553 906 63 16 Samen.

368 951 20 15 22
620 958 8 9 “
