715 1000
30 55 157 19 Brotschimmelpilz
203 55 80 20 glänzend
299 55 83 20 bestätigt,
398 62 31 9 was
445 62 20 9 an
481 56 29 15 der
526 55 96 16 Mehlmotte
639 62 24 14 ge-

31 77 62 16 funden
101 77 55 15 wurde
163 86 21 1 —
191 77 33 15 und
232 78 16 14 in
257 77 95 19 geduldiger
360 77 103 15 Kleinarbeit
471 78 35 15 sind
515 79 15 14 in
539 78 40 15 aller
588 78 41 15 Welt
637 78 25 15 die

30 99 76 15 Forscher
116 98 53 18 dabei,
180 98 59 15 Schritt
249 98 27 15 für
286 98 58 15 Schritt
355 100 57 14 immer
422 99 49 15 tiefer
481 99 117 19 einzudringen
608 100 17 14 in
635 99 28 15 das

30 120 93 16 Geheimnis
134 119 30 16 der
173 120 102 19 Vererbung.

51 141 56 19 Wenig
120 141 56 15 wurde
190 141 55 15 bisher
258 147 37 9 vom
309 141 84 16 Menschen
407 143 103 18 gesprochen.
524 143 45 15 Aber
583 144 37 14 auch
635 144 28 14 der

30 163 63 15 Mensch
106 163 89 18 unterliegt
208 163 30 14 den
251 162 79 16 Gesetzen
343 163 28 15 der
386 163 99 20 Vererbung.
499 164 46 15 Nicht
557 171 31 8 nur
600 165 63 18 Augen-

30 184 46 15 farbe
86 184 33 15 und
129 184 98 15 Nasenform
236 184 65 15 werden
311 184 71 15 vererbt.
392 185 44 15 Auch
446 185 88 19 Begabung
543 186 40 14 wird
593 187 21 14 im
624 186 39 14 Erb-

30 210 27 15 gut
68 205 129 19 weitergegeben
208 211 31 9 von
250 205 101 15 Generation
362 212 18 9 zu
392 206 106 15 Generation:
509 207 33 15 Der
552 207 111 15 Stammbaum

30 227 28 15 der
69 226 137 15 Musikerfamilie
218 226 41 15 Bach
271 228 21 14 ist
304 228 25 14 ein
340 227 119 16 wundervolles
472 228 70 19 Beispiel
554 228 53 15 dafür.
620 228 44 15 Aber

30 248 38 15 auch
79 248 41 15 viele
131 248 114 15 Krankheiten
257 248 36 15 sind
304 248 64 15 erblich.
379 249 24 14 Im
414 249 43 15 Tier-
469 250 33 14 und
512 249 120 15 Pflanzenreich
643 250 20 15 ist

31 269 95 19 Vererbung
139 269 83 18 Schicksal,
235 270 138 15 unentrinnbares
386 270 63 15 Gesetz.
463 271 41 14 Dem
517 270 85 16 Menschen
616 271 47 15 allein

30 292 19 14 ist
62 297 16 9 es
90 290 77 20 gegeben,
180 291 25 15 die
217 290 53 16 Macht
283 291 27 15 des
323 291 117 16 Erbschicksals
452 298 19 8 zu
483 292 113 15 beherrschen:
610 292 53 15 Durch

30 313 45 15 Geist
85 312 34 15 und
129 312 97 19 Erziehung.
237 312 37 15 Und
285 312 50 15 selbst
346 313 25 14 die
382 313 87 15 Schrecken
481 313 28 15 der
520 313 144 15 Erbkrankheiten

30 334 39 15 wird
83 340 17 9 er
113 334 44 15 eines
171 334 51 19 Tages
235 334 28 14 für
276 335 57 13 immer
347 334 74 18 brechen,
435 334 42 15 dann
513 335 51 17 nämlich,
578 340 46 9 wenn
639 335 25 14 die

30 355 141 19 entsagungsvolle
185 355 93 19 Forschung
292 361 30 9 uns
337 355 25 15 die
377 355 149 19 Zusammenhänge
541 356 77 15 zwischen
634 356 30 15 den

30 377 55 15 Genen
95 377 21 14 im
127 376 76 15 Zellkern
213 376 34 15 und
257 376 28 15 der
295 377 85 14 normalen
390 378 29 13 wie
431 377 28 15 der
469 377 107 15 krankhaften
593 377 70 15 äußeren

30 397 108 20 Erscheinung
152 398 57 15 immer
223 397 55 16 besser
292 398 86 15 verstehen
392 398 33 15 läßt
439 398 33 15 und
485 404 30 9 uns
529 398 25 15 die
568 398 96 15 Wirkstoffe

30 419 63 15 kennen
102 419 34 15 und
145 419 88 15 anwenden
242 419 48 18 lehrt,
299 420 29 14 mit
338 419 51 15 denen
398 425 37 9 man
445 419 25 15 die
479 419 50 15 Kette
539 425 37 9 vom
585 420 34 14 Gen
628 425 36 9 zum

30 440 80 15 Merkmal
120 440 108 16 beeinflussen
240 441 33 14 und
284 446 17 10 so
313 446 36 9 vom
360 440 53 15 Bösen
424 447 36 8 zum
472 441 53 15 Guten
536 441 68 15 wenden
616 441 48 14 kann.

50 463 38 15 Fast
97 463 32 15 will
137 469 16 9 es
162 464 63 15 freilich
233 464 80 18 scheinen,
321 464 31 15 daß
361 470 38 12 nun,
408 464 19 15 da
436 464 25 15 die
470 465 90 18 Erbträger
568 465 23 15 als
599 465 65 15 Riesen-

29 484 82 16 moleküle
126 485 70 15 erkannt
210 485 66 15 worden
291 485 41 18 sind,
346 486 28 15 das
389 485 72 16 Wunder
476 486 29 15 der
519 486 97 20 Vererbung
631 490 33 11 ent-

29 506 67 15 zaubert
106 507 29 14 sei:
146 506 18 15 In
174 506 94 15 Molekülen
279 507 33 14 und
321 506 149 20 Molekülgruppen
481 507 101 16 beschlossen
593 508 35 15 sind
639 508 25 14 die

29 528 79 19 Anlagen,
117 534 27 9 aus
154 528 51 15 denen
214 528 31 15 sich
255 528 21 15 all
285 528 26 15 die
320 528 92 18 Schönheit,
421 529 21 14 all
452 529 24 14 die
486 529 108 15 wunderbare
603 529 62 19 Zweck-

29 549 90 19 mäßigkeit
131 549 30 15 der
172 549 99 20 lebendigen
283 549 53 15 Natur
348 550 82 15 entfaltet.
443 550 44 15 Aber
499 551 29 14 der
540 550 66 15 Aufbau
619 551 46 18 jener

29 570 151 19 Eiweißmoleküle,
195 571 25 15 die
235 572 29 14 wir
280 571 22 15 als
317 571 61 19 Träger
394 571 27 15 des
436 571 71 19 Erbguts
522 572 64 14 kennen
602 572 63 19 gelernt

29 591 58 19 haben,
97 593 65 14 erweist
171 592 32 15 sich
213 592 50 18 selbst
273 592 89 15 wiederum
372 593 22 15 als
404 594 26 14 ein
440 599 51 9 neuer
501 593 69 15 Kosmos
581 594 29 14 mit
620 594 45 14 einer

29 613 50 15 schier
92 613 125 16 unabsehbaren
229 614 46 15 Fülle
289 613 150 19 kompliziertester
451 614 105 18 Strukturen,
569 615 54 14 hinter
637 614 29 15 der

29 635 31 15 sich
70 635 80 15 abermals
161 635 27 15 das
197 635 83 15 wahrhaft
289 635 121 19 Schöpferische
420 635 74 20 verbirgt
502 645 22 1 —
533 636 28 14 der
571 636 27 14 für
608 637 57 13 immer

29 656 133 19 geheimnisvolle
172 656 78 19 Urgrund
260 657 38 15 alles
309 656 72 16 Wunder
391 657 29 15 der
429 657 103 19 Vererbung,
543 657 40 15 aller
593 657 73 15 Wunder

29 677 27 16 des
65 677 63 16 Lebens
137 678 34 15 und
179 678 40 15 aller
228 678 73 15 Wunder
310 678 53 15 dieser
373 678 47 15 Welt.

672 436 13 12 4

192 763 160 15 Umschlaggestaltung:
360 763 74 12 Karlheinz
441 763 58 15 Dobsky

571 782 54 14 Libeary

29 867 265 19 Enxz=iesebogen
315 868 48 14 108
383 873 6 3 -
408 867 143 19 Heftpreis
570 867 97 19 25.Pf'g:

31 892 49 12 Natur-
87 893 28 11 und
121 892 122 13 kulturkundliche
250 893 41 12 Hefte
298 899 16 2 —
322 893 100 15 Bestellungen
429 892 93 15 (vierteljährl.
535 893 7 12 6
550 893 42 12 Hefte
600 893 27 11 DM
635 893 31 14 1.50)

31 909 40 11 durch
78 909 33 15 jede
118 909 108 15 Buchhandlung
234 909 28 12 und
269 909 33 15 jede
311 909 85 12 Postanstalt
403 916 16 1 —
427 909 50 15 Verlag
484 909 74 11 Sebastian
563 909 31 13 Lux,
601 909 66 11 Murnau-

125 925 90 12 München
203 916 12 31 —
221 925 49 12 Druck:
278 925 107 12 Buchdruckerei
392 925 95 15 Mühlberger,
495 925 75 15 Augsburg

338 964 19 14 31
