715 1000
0 524 3 2 .
20 510 107 19 dergezogen,
144 509 80 15 vielmehr
240 509 65 15 werden

3 649 2 3 »
21 637 57 15 fachen
86 637 37 15 Satz
132 637 92 18 enthalten;
233 637 26 15 die
268 637 37 15 For-

17 29 104 20 pflanzliches
131 29 69 15 Gewebe
210 33 49 11 unter
269 29 37 15 dem
315 28 97 20 Mikroskop
422 28 100 18 betrachten,
532 33 16 10 es
558 27 52 16 findet
619 27 32 15 sich

17 53 57 15 immer
85 52 77 18 dieselbe,
172 52 113 16 feststehende
296 51 172 16 Chromosomenzahl:
479 51 73 15 zweimal
562 51 9 14 2
582 50 50 19 gleich
642 50 10 14 4

17 76 43 15 beim
68 75 96 20 Spulwurm,
171 75 73 15 zweimal
252 76 19 14 10
279 75 49 19 gleich
336 75 19 15 20
363 75 43 15 beim
413 74 46 18 Mais,
467 73 72 16 zweimal
547 74 20 14 24
575 73 49 19 gleich
632 73 20 14 48

17 98 43 16 beim
71 98 92 16 Menschen.
175 98 34 16 Wie
221 98 34 15 läßt
267 98 31 15 sich
310 98 43 15 diese
365 97 162 19 widerspruchsvolle
539 96 77 15 Tatsache
628 101 24 9 er-

17 121 67 16 klären?
141 136 2 2 5

38 144 51 16 Schon
102 145 40 15 1887
155 144 45 16 hatte
213 144 29 16 der
265 145 53 14 geniale
330 144 100 20 Freiburger
442 145 71 19 Zoologe
526 145 63 19 August
602 145 50 15 Weis-

17 172 49 9 mann
77 167 36 14 eine
125 166 116 19 scharfsinnige
269 166 89 19 Überlegung
370 166 91 19 angestellt.
473 166 52 15 Wenn
537 166 25 15 die
575 166 77 15 Chromo-

17 193 56 9 somen
85 187 28 16 das
124 187 63 19 Erbgut
198 187 110 20 weitergeben
320 187 33 15 und
365 187 47 15 dabei
423 188 36 14 ihre
470 188 40 14 Zahl
522 188 91 15 tatsächlich
626 187 25 15 be-

17 209 65 19 ständig
88 209 58 18 bleibt,
153 209 44 15 dann
204 209 38 15 muß
250 209 106 19 irgendwann
363 210 22 14 im
392 209 163 19 Entwicklungsgang
562 209 29 15 der
598 209 54 15 Keim-

18 231 52 15 zellen
85 231 35 14 eine
136 230 30 15 Art
182 230 28 15 der
225 230 109 19 Kernteilung
349 230 80 19 erfolgen,
443 230 27 15 bei
485 230 29 15 der
529 230 25 15 die
569 230 39 15 Zahl
624 230 28 15 der

18 252 128 15 Chromosomen
159 252 28 15 auf
200 252 26 15 die
238 252 57 15 Hälfte
308 251 115 19 herabgesetzt
435 251 46 15 wird.
494 251 39 15 Eine
547 251 52 15 solche
612 251 40 17 „Re-

18 273 164 19 duktions“-Teilung
193 273 66 15 machen
271 278 33 10 nun
315 273 62 15 sowohl
389 273 25 15 die
426 273 64 14 Samen-
502 273 30 14 wie
544 272 25 16 die
581 273 71 14 Eizellen

19 294 91 15 tatsächlich
122 294 54 15 durch.
187 294 21 15 Es
219 295 21 14 ist
251 294 28 15 das
291 295 26 14 ein
328 294 40 15 noch
379 294 32 15 viel
422 294 143 19 komplizierterer
576 294 76 19 Vorgang

18 316 22 16 als
52 316 25 15 die
87 316 91 15 mitotische
188 316 74 19 Teilung,
273 315 39 15 doch
322 315 34 15 läßt
367 315 31 15 sich
409 315 27 15 das
447 315 107 15 Wesentliche
566 315 44 15 recht
620 316 32 14 ein-

18 338 35 15 fach
63 337 95 16 darstellen:
168 337 30 15 Die
208 338 61 18 jungen
278 336 101 16 Keimzellen
388 336 54 15 haben
451 342 20 9 an
481 337 31 15 sich
523 336 31 15 den
564 336 95 19 doppelten,

18 360 164 15 Chromosomensatz
193 365 52 14 genau
255 360 30 14 wie
297 359 30 15 alle
338 359 72 15 anderen
420 359 119 19 Körperzellen
551 359 43 14 auch.
605 359 48 14 Dann

18 381 39 15 aber
67 381 52 19 gehen
129 382 22 14 sie
161 381 45 15 ihrer
216 380 71 19 Reifung
297 384 84 15 entgegen.
392 380 31 15 Die
433 380 155 19 gleichgestalteten,
599 380 54 15 einan-

18 402 29 15 der
60 402 139 19 entsprechenden
212 402 33 15 und
258 403 26 14 ein
297 402 42 15 Paar
351 401 89 15 bildenden
453 401 128 16 Chromosomen
595 401 58 15 stellen

18 424 32 15 sich
60 429 88 14 sozusagen
158 423 79 16 einander
246 423 93 19 gegenüber
349 423 33 15 auf.
392 423 44 15 Aber
446 429 34 9 nun
490 423 64 15 werden
565 423 48 17 nicht,
624 423 29 14 wie

20 445 27 16 bei
58 445 29 15 der
99 445 121 20 gewöhnlichen
231 445 75 19 Teilung,

21 467 26 15 die
70 466 128 16 Chromosomen
221 466 84 19 gespalten

20 488 33 15 und
63 488 26 15 die
99 488 112 19 Spalthälften
221 488 84 14 auseinan-

19 532 41 18 jetzt
74 531 26 15 die
113 530 102 20 ungeteilten
228 530 77 15 Chromo-

20 558 56 9 somen
93 552 113 15 voneinander
225 555 81 16 getrennt,

20 579 17 9 so
53 573 31 15 daß
98 573 28 15 die
141 574 17 14 in
173 573 53 15 dieser
241 573 65 17 „Reife-

20 594 73 20 teilung“
114 594 119 15 entstehenden
253 594 53 15 reifen

20 616 102 15 Keimzellen
134 621 31 10 nur
177 616 39 14 noch
229 616 31 14 den
273 616 32 14 ein-

20 659 59 19 schung
95 662 51 12 nennt
162 659 56 14 diesen
233 658 72 15 Zustand

20 680 74 19 haploid,
127 685 37 10 vom
198 680 108 19 griechischen

20 701 75 19 haploos,
105 701 69 18 einfach,
184 702 22 14 im
215 701 91 19 Gegensatz

20 728 37 9 zum
62 722 88 19 diploiden
157 722 37 15 Satz
201 722 104 19 derKörper-

20 744 58 15 zellen.
88 744 38 15 Und
137 750 34 9 nun
182 744 21 15 ist
214 744 39 15 auch
264 743 41 18 klar,

20 766 30 14 wie
61 765 26 15 die
98 766 58 14 immer
166 765 139 19 gleichbleibende

21 786 78 20 doppelte
111 786 166 16 Chromosomenzahl
289 787 17 14 in

21 808 31 15 den
60 808 118 19 Körperzellen
186 808 79 15 entsteht:
273 808 33 15 Der

21 829 73 16 einfache
110 829 164 16 Chromosomensatz
289 830 16 14 in

21 851 29 15 der
63 851 62 15 Eizelle
140 851 33 15 und
188 851 30 15 der
233 851 73 15 einfache

21 873 16 14 in
53 872 29 15 der
97 872 100 15 Samenzelle
212 873 93 18 vereinigen

21 893 31 15 sich
58 893 27 16 bei
93 893 28 16 der
125 893 142 20 Verschmelzung,
273 893 33 15 und
