715 1000
80 123 571 33 HISTORISCHESLEXIKON

80 185 37 14 Das
125 185 176 18 Nachschlagewerk
313 185 31 15 für
355 185 33 15 das
398 185 52 15 »Bild
462 185 33 15 der
503 185 149 16 Jahrhunderte«

129 237 26 11 Das
161 237 57 12 Lexikon
224 237 51 12 enthält
280 237 65 15 Angaben
353 237 33 12 über
392 237 30 12 1300
427 237 80 12 historische
512 237 93 15 Schauplätze,

129 258 30 12 4600
170 258 53 12 Namen
238 259 85 11 historischer
336 259 127 13 Persönlichkeiten,
482 259 30 12 1300
524 259 82 12 historische

128 280 61 14 Begriffe,
194 283 77 8 zusammen
277 280 31 12 7200
312 280 108 12 Stichworteund
426 281 40 11 22000
472 281 48 11 Daten.
528 281 78 17 Zahlreiche

128 301 100 15 Abbildungen,
236 301 99 15 Zeichnungen,
342 302 68 11 Tabellen.
419 302 58 15 Umfang
484 303 35 11 etwa
525 302 24 12 480
555 302 49 12 Seiten.

129 338 14 12 In
149 339 52 11 diesem
211 339 97 12 umfassenden
313 339 131 16 Nachschlagewerk
453 340 34 11 wird
496 340 22 11 die
525 340 81 15 Gesamtge-

128 360 60 13 schichte,
196 361 22 11 die
227 364 17 8 im
254 360 36 12 »Bild
298 361 23 11 der
327 361 109 12 Jahrhunderte«
445 365 14 8 in
468 361 43 12 ihrem
517 361 52 12 Ablauf
575 362 29 11 dar-

129 382 78 15 gestelltist,
215 383 11 11 in
230 374 108 30 alphabetischen
345 374 85 30 Stichworten
437 374 91 30 lexikonartig
533 383 71 15 geordnet.

129 404 24 11 Für
160 403 23 12 das
190 404 76 11 Zierersche
272 404 41 11 Werk
319 404 17 11 ist
343 404 24 12 das
374 404 91 12 »Historische
471 405 69 11 Lexikon«
545 405 61 15 zugleich

128 425 24 11 der
158 425 101 15 Registerband.
267 426 22 12 Bei
296 426 47 14 jedem
349 426 54 11 Namen
412 426 66 13 befinden
484 426 27 12 sich
516 429 55 12 genaue
579 427 26 11 An-

128 446 48 15 gaben,
184 450 14 7 in
205 446 64 12 welchem
275 447 37 11 Band
320 447 24 11 des
351 446 36 13 »Bild
394 448 24 11 der
425 448 109 11 Jahrhunderte«
540 448 63 11 Näheres

130 468 57 11 darüber
193 468 90 11 nachzulesen
292 469 20 11 ist.
322 469 26 11 Das
359 469 89 13 „Historische
458 469 68 12 Lexikon«
533 469 74 11 enthält
598 459 12 31 —

129 489 58 11 sinnvoll
194 490 69 14 geordnet,
272 490 119 12 wissenschaftlich
398 490 89 15 zuverlässig,
495 491 35 11 reich
537 489 70 13 illustriert

128 517 15 2 —
153 511 21 11 die
186 511 84 15 wichtigsten
281 511 58 15 Begriffe
351 515 24 8 aus
386 512 27 11 den
423 512 112 12 Jahrtausenden
545 509 29 14 der
581 512 26 12 Ge-

129 532 60 12 schichte.
197 532 26 12 Mit
228 533 48 11 seinen
283 533 57 13 Bildern,
348 533 96 15 Zeichnungen
450 534 28 11 und
484 533 67 12 Tabellen
558 533 18 12 ist
583 533 24 12 das

128 554 60 11 Lexikon
197 554 59 15 zugleich
266 558 22 8 ein
298 555 78 11 wertvolles
385 555 75 12 Handbuch
470 555 21 12 für
500 555 44 15 jeden
554 555 53 12 Freund

129 576 26 11 und
162 575 99 12 Studierenden
268 576 23 11 der
297 576 83 12 Geschichte.

362 620 12 12 *

129 674 51 15 Jeder
193 675 83 17 Bezieher,
294 675 29 15 der
337 675 30 15 das
382 676 118 15 Gesamtwerk
517 676 47 15 »Bild
578 676 29 15 der

129 701 133 15 Jahrhunderte«
271 702 40 18 jetzt
320 702 103 18 vorbestellt,
431 703 54 15 erhält
493 703 62 15 bereits
564 703 42 15 nach

130 727 37 15 dem
184 728 23 15 17.
222 728 46 15 Band
283 729 29 14 das
329 729 51 19 große
397 730 112 15 »Historische
522 730 85 15 Lexikon«

130 754 26 14 als
163 754 269 21 Subskriptions-Vergünstigung
440 756 116 16 unberechnet
565 755 43 20 (spä-

188 782 43 14 terer
240 782 44 15 Preis
293 782 55 15 dieses
356 783 82 15 Lexikons
447 784 35 14 DM
493 782 57 19 15.50).

81 864 97 23 VERLAG
193 864 135 25 SEBASTIAN
342 866 47 25 LUX
402 876 7 7 -
422 862 234 29 MURNAU/MÜNCHEN
