715 1000
317 130 7 22 1
529 125 87 20 gelb-rund

272 149 24 32 [6]
320 153 1 30 |
345 154 21 21 o

320 187 2 9 |

529 162 118 20 gelb-runzelig

530 200 92 20 grün-rund

454 126 11 128 rFwwvo

486 124 22 134 +009O0

530 237 122 21 grün-runzelig

140 295 17 16 °©

139 200 103 67 olo
277 196 27 75 «e
328 204 32 62 »®

321 274 46 57 +

48 360 62 18 Und
119 366 33 8 nun
161 360 35 15 läßt
205 360 31 15 sich
246 360 39 15 auch
295 360 27 15 das
332 360 50 15 dritte
391 359 103 16 Mendelsche
504 359 59 15 Gesetz
572 358 114 16 formulieren:

53 381 62 15 Kreuzt
128 387 37 9 man
178 381 66 18 Rassen,
257 381 26 15 die
296 381 31 15 sich
340 381 16 15 in
369 381 86 15 mehreren
467 380 152 19 Merkmalspaaren
632 383 55 12 unter-

53 403 80 18 scheiden,
142 408 18 10 so
170 403 40 15 wird
220 403 45 18 jedes
276 403 73 14 einzelne
359 402 153 20 Erbanlagen-Paar
522 402 40 15 nach
573 401 37 16 dem
620 402 67 14 zweiten

53 424 114 15 Mendelschen
179 424 58 15 Gesetz
249 424 71 17 vererbt,
331 424 34 15 und
378 424 26 15 die
416 424 74 19 Anlagen
502 423 124 15 verschiedener
637 422 51 15 Paare

53 445 65 15 werden
129 445 104 20 unabhängig
244 445 112 15 voneinander
367 445 71 15 verteilt.
449 445 33 15 Das
494 445 63 19 Erbgut
567 445 21 14 ist
600 444 33 15 also
645 444 42 15 nicht

55 468 25 14 ein
92 467 100 15 unteilbares
205 467 68 17 Ganzes,
284 467 71 15 sondern
367 466 65 16 besteht
445 472 27 10 aus
485 465 127 19 selbständigen,
623 465 66 15 vonein-

54 488 50 15 ander
114 488 99 15 trennbaren
222 488 33 15 und
264 488 39 15 nach
312 488 31 15 den
352 488 79 15 Gesetzen
441 488 29 15 der
478 486 210 19 Kombinationsrechnung

55 510 31 15 sich
94 509 61 16 wieder
163 510 126 19 vereinigenden
297 510 131 19 Einzelanlagen,
437 510 29 15 den
475 510 61 15 Genen.

75 536 37 15 Und
121 542 20 9 an
150 536 53 16 dieser
212 537 49 15 Stelle
271 536 70 16 erkennt
350 542 37 10 man
396 537 39 15 auch
444 542 36 10 zum
489 540 54 12 ersten
552 536 43 16 Male
604 537 25 15 die
639 536 50 20 große

54 557 97 20 Bedeutung
160 558 28 15 der
197 557 75 16 zunächst
281 558 23 15 als
312 558 64 15 nutzlos
385 558 125 15 erscheinenden
518 558 69 15 Erbsen-
595 558 34 15 und
637 558 52 15 Meer-

55 579 197 15 schweinchen-Versuche
261 579 27 15 für
296 579 26 15 die
330 579 64 15 Praxis:
403 579 47 15 Denn
459 585 16 10 es
483 579 37 15 sind
527 579 37 15 hier
572 579 44 15 nicht
624 585 31 9 nur
663 579 27 15 die

56 600 139 19 Ausgangssorten
207 601 61 15 wieder
280 601 92 17 erstanden,
384 601 71 15 sondern
466 601 40 14 zwei
517 601 50 19 völlig
578 606 42 10 neue
631 600 58 16 Sorten

55 621 52 16 haben
118 622 32 15 sich
161 622 76 19 gebildet.
249 622 33 15 Der
294 622 88 19 geschickte
393 622 69 15 Züchter
473 622 44 15 kann
528 622 39 17 also,
577 627 47 10 wenn
636 628 17 9 er
665 621 25 15 die

56 643 80 15 erblichen
149 643 73 19 Anlagen
235 644 53 14 seiner
301 643 76 15 Pflanzen
390 643 33 15 und
435 643 47 15 Tiere
495 643 33 15 und
541 643 26 15 die
580 643 68 15 Gesetze
662 643 28 15 der

55 664 171 20 Mendel-Vererbung
240 665 56 18 kennt,
311 664 49 15 durch
374 665 89 19 Kreuzung
476 664 92 16 Merkmale
581 664 110 15 miteinander

49 687 106 18 "vereinigen,
169 686 25 15 die
209 686 68 15 vordem
291 685 113 16 Kennzeichen
418 686 124 15 verschiedener
556 685 61 16 Rassen
631 691 59 10 waren.

57 707 47 15 Diese
116 707 99 16 Erkenntnis
226 708 21 15 ist
258 708 27 14 für
298 708 25 14 die
335 707 120 19 systematische
467 707 44 15 Tier-
522 707 34 15 und
566 707 125 15 Pflanzenzucht

56 735 31 8 von
98 729 162 15 außerordentlicher
269 729 97 19 Bedeutung
376 728 93 20 geworden!
480 729 24 15 Da
514 729 28 15 hat
552 734 38 9 man
600 729 17 15 in
627 729 64 15 freilich

56 750 82 19 unsäglich
155 750 102 15 mühevoller
273 750 146 19 Züchtungsarbeit
436 750 126 15 frühreifenden
578 750 67 15 Weizen
662 751 29 14 mit

56 771 64 15 solchen
134 772 57 15 Sorten
204 772 106 18 kombiniert,
324 772 26 15 die
363 772 43 15 hohe
418 772 68 19 Eriräge
499 772 75 19 bringen,
586 772 34 15 und
634 777 17 10 so
664 771 27 15 die

56 793 118 19 Anbaugrenze
186 802 21 2 —
219 799 29 9 vor
261 793 49 15 allem
322 794 17 14 in
351 793 69 15 Kanada
432 793 34 15 und
479 793 76 15 Rußland
568 801 22 2 —
601 793 38 15 weit
651 793 40 15 nach

56 814 66 15 Norden
138 815 74 15 schieben
228 815 33 14 und
277 815 72 19 zugleich
364 815 26 15 die
406 814 62 15 Ernten
483 814 121 15 vervielfachen
620 814 71 15 können.

56 836 37 15 Und
103 837 29 14 wie
142 842 16 9 es
168 837 29 14 mit
207 836 37 15 dem
253 836 65 15 Weizen
328 842 38 12 war,
376 842 17 9 so
402 837 22 14 ist
433 841 16 10 es
457 837 31 14 mit
498 835 94 16 Kartoffeln
601 836 33 15 und
645 835 46 18 Mais,

56 857 128 15 Fettschweinen
198 858 33 14 und
245 857 111 15 Milchkühen:
371 857 37 15 Alle
422 857 76 15 bewußte
513 857 83 20 Züchtung
610 857 39 20 geht
663 857 28 15 auf

56 879 73 16 Mendels
140 879 48 16 Werk
199 879 63 15 zurück.

363 971 20 15 24
