715 1000
20 44 26 16 bei
58 44 72 19 Pflanze,
141 45 38 15 Tier
190 45 34 15 und
236 45 64 15 Mensch
312 45 59 16 beruht
383 47 16 17 ja
412 46 64 17 darauf,
489 45 31 15 daß
532 45 27 15 die
572 45 44 15 Zelle
628 45 26 15 die

20 66 86 19 Fähigkeit
119 67 33 17 hat,
165 67 31 15 sich
210 72 19 10 zu
242 67 57 18 teilen;
312 73 28 9 aus
353 68 46 14 einer
411 67 44 15 Zelle
468 67 65 15 werden
547 67 50 14 deren
610 67 45 17 zwei,

21 94 28 9 aus
58 89 39 14 zwei
106 89 40 17 vier,
155 94 28 9 aus
192 89 34 14 vier
236 88 40 18 ächt,
285 94 28 9 aus
322 88 35 15 acht
366 88 78 15 sechzehn
453 88 33 15 und
495 94 17 9 so
522 88 39 17 fort,
570 88 24 15 bis
603 89 16 13 in
629 88 25 14 die

21 109 84 15 Millionen
118 109 33 15 und
163 109 86 15 Billionen.
263 109 28 15 Bei
305 110 54 15 diesen
372 110 31 15 sich
417 109 83 15 teilenden
513 109 55 15 Zellen
581 115 32 9 nun
627 109 27 14 hat

20 132 32 15 sich
57 132 33 20 der
97 132 45 15 Kern
151 133 16 14 in
176 133 36 14 eine
220 132 63 15 Anzahl
292 132 123 15 verschiedener
423 132 54 15 Fäden
487 132 87 19 aufgelöst,
582 132 26 15 die
617 138 38 9 man

20 153 96 15 Kernfäden
130 153 39 15 oder
182 153 124 15 Kernschleifen
319 157 55 11 nennt.
388 154 30 14 Die
432 153 116 15 Wissenschaft
561 153 94 15 bezeichnet

21 175 43 15 diese
74 175 83 15 schleifen-
167 174 40 16 oder
216 175 136 19 hakenförmigen
362 175 68 15 Gebilde
441 175 22 15 als
491 175 163 15 Chromosomen

21 196 38 18 (von
71 196 70 18 chroma,
153 196 25 15 die
190 196 58 18 Farbe,
259 196 33 15 und
304 202 50 12 soma,
366 196 28 15 der
407 196 77 19 Körper),
496 196 33 15 also
542 196 22 15 als
577 196 77 15 färbbare

20 217 110 19 Körperchen.
143 217 92 18 Hunderte,
248 217 90 18 Tausende,
351 217 125 15 Abertausende
489 217 62 15 solcher
564 217 90 19 Präparate

20 240 29 14 mit
58 239 31 15 sich
98 239 83 15 teilenden
189 239 55 14 Zellen
253 239 27 14 hat
289 239 25 14 die
323 239 116 15 Wissenschaft
447 238 100 18 untersucht,
556 238 33 15 und
597 239 58 14 immer

21 260 59 15 wieder
95 260 73 15 dasselbe
184 260 104 19 festgestellt:
304 260 49 16 Jeder
368 260 53 15 dieser
435 260 97 15 Kernfäden
547 260 20 14 ist
583 259 71 15 zweimal

21 283 99 15 vorhanden.
133 283 37 15 Und
181 283 46 19 jeder
239 289 32 8 von
283 283 49 14 ihnen
344 283 60 18 spaltet
416 283 31 15 sich
455 283 27 14 -als
493 282 123 19 Vorbereitung
628 282 27 15 für

21 304 25 16 die
57 304 97 19 Zellteilung
165 305 16 14 in
193 304 28 15 der
232 304 132 19 Längsrichtung.
376 304 129 15 Durchmustern
516 304 29 14 wir
556 309 49 10 unser
617 304 37 14 Prä-

21 329 47 16 parat
81 326 63 17 weiter,
158 331 17 9 so
190 325 50 15 findet
255 325 30 15 sich
300 325 38 15 bald
352 326 36 14 eine
401 326 67 14 weitere
482 325 49 17 Zelle,
545 325 26 14 bei
586 325 28 14 der
629 325 25 14 die

21 347 67 19 "Teilung
98 347 47 15 schon
155 347 133 19 fortgeschritten
298 348 27 16 ist;
336 347 25 15 die
370 346 111 19 Spalthälften
490 346 53 15 habet
553 346 31 15 sich
594 346 61 15 bereits

21 368 111 16 voneinander
145 368 78 15 entfernt.
235 368 66 15 Wieder
313 368 57 15 suchen
383 369 34 16 wir,
430 367 20 15 da
462 376 21 2 —
495 367 32 18 und
541 367 43 15 dort:
598 368 57 14 immer

21 391 55 14 weiter
86 390 41 15 wird
138 389 28 16 der
176 389 74 15 Abstand
261 389 29 15 der
300 389 128 15 Chromosomen
439 388 116 16 voneinander.
566 388 39 15 Eine
616 389 39 14 Zwi-

21 411 94 16 schenwand
130 411 78 18 entsteht,
224 411 25 15 die
264 411 55 14 Zellen
334 411 36 14 sind
385 414 81 15 getrennt,
482 411 40 18 jetzt
537 410 71 14 knäueln
624 410 31 14 »ich

21 433 25 15 die
60 433 128 15 Chromosomen
202 432 34 18 auf,
249 432 94 15 verdichten
356 432 32 14 sich
402 433 15 13 in
432 431 45 17 jeder
491 431 29 15 der
533 437 53 9 neuen
600 431 55 15 Zellen

24 461 19 8 zu
51 455 53 14 einem
111 454 51 15 Kern:
171 454 33 15 Aus
212 455 45 17 einer
264 454 44 14 Zelle

23 476 35 15 sind
69 477 38 14 zwei
117 475 92 20 geworden,
214 473 36 17 und
260 475 47 15 beide

23 497 53 15 haben
85 497 43 15 dank
137 497 53 15 dieser
198 496 30 15 Art
236 497 29 14 der
272 496 35 15 Tei-

23 519 38 19 lung
73 518 89 15 denselben
173 517 134 16 Chromosomen.

24 540 68 15 bestand
105 540 30 14 wie
147 540 26 14 die
186 540 41 17 eine,
240 545 27 9 aus
280 538 28 15 der

21 562 23 14 sie
53 561 142 19 hervorgegangen
205 560 41 15 sind.

43 590 38 15 Man
100 594 51 11 nennt
169 590 44 15 diese
231 590 30 15 Art
279 590 29 14 der

23 612 98 19 Zellteilung
149 611 85 15 Mitose
263 611 44 18 (vom

23 633 57 19 griech.
104 634 55 16 mitos,
182 632 70 19 Faden).
276 632 31 15 Das

24 654 114 15 Kennzeichen
161 654 53 15 dieses
237 653 69 19 kompli-

23 677 62 14 zierten
98 676 94 18 Vorganges
205 676 20 14 ist
239 675 26 15 die
279 676 29 13 mit

23 697 46 15 Hilfe
78 697 29 15 der
116 697 192 18 Chromosomenteihung

23 718 78 15 erreichte
115 718 116 19 gleichmäßige
245 718 63 14 Vertei-

22 740 39 19 lung
76 739 27 15 des
119 739 104 15 Chromatins
239 739 28 15 auf
281 739 26 14 die

20 760 128 16 Tochterzellen.
155 760 82 19 Auffällig
244 761 20 14 ist
272 760 35 15 wei-

23 786 29 14 ter,
62 782 32 15 daß
105 782 26 15 die
141 782 40 15 Zahl
192 782 28 15 der
230 782 77 14 Chromo-

23 809 55 9 somen
94 803 26 15 bei
136 803 32 15 den
183 803 124 15 verschiedenen

22 825 43 15 Tier-
80 825 33 15 und
126 824 127 15 Pflanzenarten
267 830 41 9 zwar

22 846 38 15 sehr
74 846 141 19 unterschiedlich,
230 846 27 14 für
271 845 37 19 jede

23 867 30 15 Art
66 867 90 15 aber-stets
169 867 26 15 die
208 867 60 19 gleiche
281 868 26 14 ist:

23 889 33 15 Der
70 888 92 20 Spulwurm
175 888 29 15 hat
217 889 35 14 vier
267 888 41 19 (also

24 910 73 15 zweimal
109 910 24 19 2),
145 910 25 15 die
183 910 88 19 Taufliege,
283 910 26 14 ein
337 915 28 8 =
511 911 9 5 =
561 911 92 11 nn
