715 1000
0 97 1 21 |

0 119 1 51 |
35 128 65 16 Gene
107 128 55 16 sind
168 128 131 19 gekoppelt
306 129 49 15 und
362 129 95 16 werden
464 129 173 19 ausgetauscht

0 171 1 12 |

41 221 30 15 Mit
88 220 61 16 Erbsen
166 221 33 15 und
216 220 144 19 Wunderblumen,
377 222 144 15 Löwenmäulchen
538 222 32 15 und
587 221 67 16 Mäusen

0 249 1 13 |
21 243 156 19 experimentierten
189 242 25 15 die
227 242 115 19 europäischen
353 242 112 16 Erbforscher.
477 243 57 15 Einem
546 243 108 15 Amerikaner

0 264 60 15 aber
69 264 37 19 ging
115 263 28 15 das
153 263 39 16 alles
201 263 43 15 nicht
254 264 58 15 schnell
322 270 58 13 genug,
389 270 17 9 er
416 264 54 15 suchte
480 264 39 15 nach
529 265 53 14 einem
592 264 63 17 Wesen,

10 285 37 15 “bei
62 285 36 15 dem
113 290 38 10 man
166 284 43 16 nicht
225 285 66 15 Monate
307 285 37 19 lang
360 286 28 14 auf
404 285 173 15 Nachkommenschaft
593 289 61 11 warten

21 307 62 17 mußte;
93 312 16 9 es
119 306 48 15 sollte
177 306 31 15 sich
218 306 63 15 einfach
291 306 33 15 und
332 307 48 14 leicht
390 307 67 14 züchten
466 307 52 14 lassen
528 307 34 14 und
571 306 84 20 möglichst

21 327 89 16 zahlreiche
120 327 121 15 Nachkommen
251 327 134 20 hervorbringen.
395 328 70 15 Thomas
475 328 45 15 Hunt
530 327 68 20 Morgan
608 337 20 1 —
638 333 16 10 so

21 349 37 15 hieß
69 349 29 15 der
108 349 128 15 amerikanische
247 348 110 20 Tierkundige
366 358 22 2 —
398 349 39 15 fand
448 349 27 15 das
487 350 84 18 geeignete
582 349 42 15 Tier.
634 349 21 15 Es

21 377 33 9 war
63 371 36 14 eine
105 371 71 18 winzige
185 370 61 19 Fliege,
256 370 25 15 die
291 370 41 15 Tau-
342 370 40 15 oder
392 370 98 19 Essigfliege,
500 371 29 14 mit
538 370 117 21 wissenschaft-

22 392 55 15 lichem
88 391 63 15 Namen
161 391 100 19 Drosophila
272 391 125 19 melanogaster,
408 391 26 15 die
445 391 158 19 „schwarzbäuchige
615 392 40 14 Tau-

22 413 87 15 freundin“
120 416 76 16 genannt.
208 413 18 14 In
237 413 41 15 zehn
288 413 54 18 Tagen
353 413 20 15 ist
385 414 35 14 eine
431 418 42 10 neue
484 413 100 15 Generation
596 413 19 15 da
626 414 29 13 mit

22 434 96 16 Hunderten
130 440 32 9 von
175 434 126 15 Nachkommen.
314 434 85 15 Tausende
411 440 32 9 von
455 434 66 19 Fliegen
534 434 43 15 kann
590 440 37 9 man
640 434 15 14 in

22 457 25 14 ein
58 462 39 13 paar
108 455 85 16 einfachen
203 455 77 16 Flaschen
291 455 123 19 unterbringen,
424 456 16 14 in
452 455 51 15 denen
514 455 35 15 ihre
560 455 63 15 Larven
635 456 20 14 im

22 477 80 19 gärenden
115 477 115 15 Bananenmus
242 477 73 19 prächtig
328 476 84 20 gedeihen.
424 485 22 2 —
458 476 30 15 Ein
500 476 82 21 wahrhaft
595 476 61 15 ideales

22 498 112 16 Versuchstier
143 504 33 9 war
185 499 16 14 in
211 498 29 18 der
249 498 98 19 Drosophila
357 499 89 19 gefunden!

43 520 34 15 Wie
86 520 42 15 ideal
137 521 35 14 sein
180 520 47 15 Fund
236 520 39 15 aber
283 520 72 15 wirklich
364 526 39 12 war,
412 520 48 15 ahnte
470 520 68 19 Morgan
548 521 60 15 damals
618 521 37 15 frei-

23 542 28 15 lich
64 541 39 15 noch
116 541 48 15 nicht.
177 541 21 15 Er
210 547 34 9 war
256 541 48 15 schon
317 541 81 19 glücklich,
411 542 31 15 daß
455 542 31 15 sich
499 545 48 12 unter
560 542 30 15 den
604 542 51 15 vielen

22 562 95 16 Tausenden
130 563 94 19 rotäugiger
238 563 93 19 Taufliegen
344 563 75 19 plötzlich
433 564 36 14 eine
482 564 29 14 mit
524 563 62 15 weißen
600 563 56 19 Augen

23 584 43 15 fand.
75 584 37 15 Nun
119 584 62 15 konnte
189 590 37 9 man
234 584 74 15 Mendels
316 584 81 15 Versuche
405 585 16 14 in
429 585 39 14 noch
477 585 86 18 größerem
571 584 85 16 Maßstabe

23 605 104 19 nachprüfen.
142 605 104 15 Wunderbar
261 605 87 19 bestätigte
363 606 37 17 sich,
415 612 32 9 was
462 606 31 15 sich
508 606 26 15 bei
550 606 30 15 den
595 606 61 15 Erbsen

23 627 69 19 ergeben
101 627 51 18 hatte,
161 627 38 15 auch
208 627 27 15 bei
243 627 31 15 den
282 626 70 20 Fliegen.
361 627 33 15 Das
402 627 81 15 Merkmal
492 627 29 15 der
529 627 62 15 weißen
600 627 56 19 Augen

23 649 69 18 genügte
101 648 37 15 dem
147 648 139 15 amerikanischen
294 648 78 15 Forscher
382 648 38 15 aber
429 648 43 15 nicht
481 648 51 19 lange.
543 648 50 15 Schon
603 648 53 15 suchte

22 670 68 19 Morgan
99 670 39 15 nach
146 671 78 14 weiteren
233 670 157 15 unterscheidenden
433 670 89 15 enschaften
532 670 32 14 und
573 670 40 15 fand
622 670 35 15 eine

22 691 55 19 Fliege
87 692 29 14 mit
127 691 113 15 absonderlich
251 691 98 19 geformtem
359 691 62 19 Flügel,
431 697 36 9 eine
479 691 59 15 andere
549 692 29 14 mit
589 691 68 15 abnorm

23 712 92 20 gefärbtem
124 712 107 19 Brustschild,
241 714 36 14 eine
287 712 50 16 dritte
347 714 29 13 mit
386 712 90 16 Stummeln
486 716 61 11 anstatt
558 712 28 15 der
596 712 61 19 Flügel,

23 735 35 14 eine
72 734 152 19 schwarzgefärbte.
239 734 40 17 Jede
294 734 53 15 dieser
360 740 53 9 neuen
427 734 61 15 Rassen
502 733 56 15 wurde
572 734 85 18 sorgfältig

24 761 30 10 von
64 756 30 14 den
104 755 72 16 anderen
185 759 82 16 getrennt.
276 755 86 15 Fünfzehn
371 756 115 15 verschiedene
495 756 61 15 Rassen
566 757 39 14 fand
615 756 42 15 Mor-

24 783 29 13 gan
62 778 21 14 im
92 781 54 11 ersten
155 777 40 17 Jahr
204 778 53 14 seiner
266 777 82 15 Versuche
356 786 21 2 —
385 778 26 14 ein
420 777 97 15 Riesenmaß
526 783 20 9 an
555 778 102 15 Kleinarbeit

24 799 93 15 erforderte
126 799 35 15 ihre
170 798 89 20 Züchtung,
268 799 28 15 das
305 798 93 15 Auszählen
408 799 28 15 der
445 800 16 13 in
471 799 25 15 die
505 799 85 15 Tausende
600 799 58 19 gehen-

24 820 30 15 den
70 820 202 18 Nachkommenschaften,
288 820 28 15 das
333 820 99 15 Ausdenken
448 826 51 9 neuer
515 820 143 15 Versuchsreihen.

24 841 43 15 Aber
80 847 16 10 es
108 841 57 16 lohnte
177 842 39 15 sich!
228 842 60 15 Immer
300 847 41 9 neue
353 841 118 16 Erkenntnisse
483 841 67 15 wurden
563 847 95 14 gewonnen;

25 863 38 15 aber
71 863 43 15 dann
121 863 75 16 schienen
203 863 76 19 plötzlich
287 863 74 15 Mendels
369 863 69 15 Gesetze
446 863 42 15 nicht
496 862 47 16 mehr
551 869 18 9 zu
578 864 80 14 stimmen.

44 884 68 20 Morgan
127 885 46 15 hatte
182 884 129 20 ‚graugefärbte,
325 884 104 20 langflüglige
444 884 110 15 Normaltiere
569 885 30 14 mit
614 885 44 14 einer

24 905 48 16 Form
82 906 84 20 gekreuzt,
176 906 26 15 die
212 906 69 16 schwarz
291 912 33 9 war
334 906 34 15 und
378 906 128 19 Stummelflügel
517 906 50 15 hatte.
577 906 36 15 Daß
623 906 35 15 ihre

332 949 19 16 25
425 955 11 7 &
